{
    "data": {
        "financials": {
            "annual": {
                "book_value_per_share": [
                    1.2381,
                    1.3868,
                    2.2795,
                    2.876,
                    3.6801,
                    8.415,
                    7.7658,
                    8.0399,
                    9.2168,
                    9.8747,
                    11.4762,
                    13.2582,
                    13.0962,
                    13.3258,
                    13.8053,
                    14.723,
                    16.8818,
                    18.8053,
                    21.4213,
                    27.3484
                ],
                "cf_cfo": [
                    418702000,
                    329331000,
                    433136000,
                    704803000,
                    758389000,
                    927239000,
                    1439303000,
                    1280682000,
                    1117794000,
                    1112995000,
                    1543314000,
                    1499580000,
                    1151686000,
                    1287482000,
                    1469502000,
                    2199728000,
                    2912853000,
                    4029304000,
                    4421813000,
                    5727000000
                ],
                "cfi_ppe_net": [
                    -46556000,
                    -31578000,
                    -39454000,
                    -57293000,
                    -48875000,
                    -83250000,
                    -132075000,
                    -111792000,
                    -119592000,
                    -137491000,
                    -210294000,
                    -271076000,
                    -164098000,
                    -148332000,
                    -127157000,
                    -203805000,
                    -178122000,
                    -266579000,
                    -394479000,
                    -419000000
                ],
                "cfo_growth": [
                    -0.0583,
                    -0.2134,
                    0.3151,
                    0.6272,
                    0.076,
                    0.2226,
                    0.5522,
                    -0.1102,
                    -0.1271,
                    -0.0042,
                    0.3866,
                    -0.0283,
                    -0.2319,
                    0.1179,
                    0.1413,
                    0.4969,
                    0.3241,
                    0.3832,
                    0.0974,
                    0.2951
                ],
                "eps_diluted": [
                    0.41,
                    0.39,
                    0.55,
                    0.91,
                    1.19,
                    0.83,
                    1.21,
                    1.59,
                    0.73,
                    1.47,
                    1.65,
                    1.66,
                    0.56,
                    0.53,
                    1.24,
                    2.32,
                    3.38,
                    5.2,
                    6.0,
                    10.83
                ],
                "eps_diluted_growth": [
                    -0.2654,
                    -0.0481,
                    0.3924,
                    0.6545,
                    0.3076,
                    -0.3025,
                    0.4578,
                    0.314,
                    -0.5408,
                    1.0136,
                    0.1224,
                    0.006,
                    -0.6626,
                    -0.0535,
                    1.3396,
                    0.8709,
                    0.4568,
                    0.5384,
                    0.1538,
                    0.805
                ],
                "fcf": [
                    372146000,
                    297753000,
                    393682000,
                    647510000,
                    709514000,
                    843989000,
                    1307228000,
                    1168890000,
                    998202000,
                    975504000,
                    1333020000,
                    1228504000,
                    987588000,
                    1139150000,
                    1342345000,
                    1995923000,
                    2734731000,
                    3762725000,
                    4027334000,
                    5308000000
                ],
                "fcf_growth": [
                    -0.1143,
                    -0.1999,
                    0.3221,
                    0.6447,
                    0.0957,
                    0.1895,
                    0.5488,
                    -0.1058,
                    -0.146,
                    -0.0227,
                    0.3664,
                    -0.0784,
                    -0.1961,
                    0.1534,
                    0.1783,
                    0.4868,
                    0.3701,
                    0.3759,
                    0.0703,
                    0.3179
                ],
                "income_tax": [
                    -101287000,
                    -93290000,
                    -114148000,
                    -158247000,
                    -162937000,
                    -173918000,
                    -223383000,
                    -206694000,
                    -315012000,
                    -168471000,
                    -202383000,
                    -286019000,
                    -66156000,
                    -92981000,
                    -244230000,
                    -266356000,
                    -443687000,
                    -203102000,
                    -253283000,
                    1084000000
                ],
                "lt_debt": [
                    0,
                    0,
                    0,
                    0,
                    0,
                    0,
                    0,
                    350000000,
                    1000000000,
                    1513662000,
                    1494627000,
                    1495312000,
                    1496028000,
                    911086000,
                    1907231000,
                    1892200000,
                    1881421000,
                    4124800000,
                    988924000,
                    4117000000
                ],
                "market_cap": [
                    7547887620,
                    6851950700,
                    9853539080,
                    14788782280,
                    19289728080,
                    23582996160,
                    24079175260,
                    12184730760,
                    18334807560,
                    13952736600,
                    13478026800,
                    17101908520,
                    28177699580,
                    36654621120,
                    45529611140,
                    50814253740,
                    86879684700,
                    122349770070,
                    149298390670,
                    232057950000
                ],
                "operating_income": [
                    390520000,
                    304944000,
                    378903000,
                    591794000,
                    728434000,
                    571026000,
                    858140000,
                    1060324000,
                    731773000,
                    1016340000,
                    1197072000,
                    1177274000,
                    449220000,
                    432568000,
                    903095000,
                    1493602000,
                    2168095000,
                    2840369000,
                    3268121000,
                    4237000000
                ],
                "period_end_date": [
                    "2001-11",
                    "2002-11",
                    "2003-11",
                    "2004-11",
                    "2005-11",
                    "2006-11",
                    "2007-11",
                    "2008-11",
                    "2009-11",
                    "2010-11",
                    "2011-11",
                    "2012-11",
                    "2013-11",
                    "2014-11",
                    "2015-11",
                    "2016-11",
                    "2017-11",
                    "2018-11",
                    "2019-11",
                    "2020-11"
                ],
                "pretax_income": [
                    306931000,
                    284689000,
                    380492000,
                    608645000,
                    765776000,
                    679727000,
                    947190000,
                    1078508000,
                    701520000,
                    943151000,
                    1035230000,
                    1118794000,
                    356141000,
                    361376000,
                    873781000,
                    1435138000,
                    2137641000,
                    2793876000,
                    3204741000,
                    4176000000
                ],
                "price_to_earnings": [
                    36.7036,
                    35.7993,
                    36.9955,
                    32.8349,
                    31.9981,
                    46.6243,
                    33.2673,
                    13.9762,
                    47.437,
                    18.0109,
                    16.183,
                    20.536,
                    97.1695,
                    136.5696,
                    72.3207,
                    43.4762,
                    51.2881,
                    47.2251,
                    50.5846,
                    44.1174
                ],
                "revenue": [
                    1229720000,
                    1164788000,
                    1294749000,
                    1666581000,
                    1966321000,
                    2575300000,
                    3157881000,
                    3579889000,
                    2945853000,
                    3800000000,
                    4216258000,
                    4403677000,
                    4055240000,
                    4147065000,
                    4795511000,
                    5854430000,
                    7301505000,
                    9030008000,
                    11171297000,
                    12868000000
                ],
                "revenue_growth": [
                    -0.0289,
                    -0.0528,
                    0.1115,
                    0.2871,
                    0.1798,
                    0.3097,
                    0.2262,
                    0.1336,
                    -0.1771,
                    0.2899,
                    0.1095,
                    0.0444,
                    -0.0791,
                    0.0226,
                    0.1563,
                    0.2208,
                    0.2471,
                    0.2367,
                    0.2371,
                    0.1518
                ],
                "roic": [
                    0.4499,
                    0.4306,
                    0.38,
                    0.434,
                    0.4623,
                    0.1737,
                    0.179,
                    0.2301,
                    0.0881,
                    0.1428,
                    0.1359,
                    0.1277,
                    0.041,
                    0.0368,
                    0.0828,
                    0.143,
                    0.2073,
                    0.2606,
                    0.2473,
                    0.4138
                ],
                "shares_diluted": [
                    498290000,
                    486238000,
                    482900000,
                    494943000,
                    506587000,
                    612222000,
                    598775000,
                    548553000,
                    530610000,
                    525824000,
                    503921000,
                    502721000,
                    513476000,
                    508480000,
                    507164000,
                    504299000,
                    501123000,
                    497843000,
                    491572000,
                    485000000
                ],
                "st_debt": [
                    0,
                    0,
                    0,
                    0,
                    0,
                    0,
                    0,
                    0,
                    0,
                    0,
                    0,
                    0,
                    14676000,
                    599960000,
                    0,
                    0,
                    0,
                    0,
                    3149343000,
                    0
                ],
                "total_assets": [
                    930623000,
                    1051610000,
                    1555045000,
                    1958632000,
                    2440315000,
                    5962548000,
                    5713679000,
                    5821598000,
                    7282237000,
                    8141148000,
                    8991183000,
                    10040229000,
                    10380298000,
                    10785829000,
                    11726472000,
                    12697246000,
                    14535556000,
                    18768682000,
                    20762400000,
                    24284000000
                ],
                "total_equity": [
                    616972000,
                    674321000,
                    1100800000,
                    1423477000,
                    1864326000,
                    5151876000,
                    4649982000,
                    4410354000,
                    4890568000,
                    5192387000,
                    5783113000,
                    6665182000,
                    6724634000,
                    6775905000,
                    7001580000,
                    7424835000,
                    8459869000,
                    9362114000,
                    10530155000,
                    13264000000
                ],
                "total_equity_growth": [
                    -0.1801,
                    0.0929,
                    0.6324,
                    0.2931,
                    0.3096,
                    1.7633,
                    -0.0974,
                    -0.0515,
                    0.1088,
                    0.0617,
                    0.1137,
                    0.1525,
                    0.0089,
                    0.0076,
                    0.0333,
                    0.0604,
                    0.1394,
                    0.1066,
                    0.1247,
                    0.2596
                ]
            }
        }
    }
}