{
    "data": {
        "financials": {
            "annual": {
                "book_value_per_share": [
                    2.0193,
                    2.3572,
                    2.4796,
                    2.6875,
                    2.638,
                    3.2444,
                    4.5847,
                    5.0847,
                    5.6962,
                    6.3485,
                    6.8714,
                    8.0707,
                    8.8182,
                    9.8497,
                    9.549,
                    7.1663,
                    3.2941,
                    -1.1662,
                    -0.9634,
                    -0.6251
                ],
                "cf_cfo": [
                    196119000,
                    210156000,
                    86234000,
                    220083000,
                    373300000,
                    415200000,
                    576600000,
                    708500000,
                    593900000,
                    246800000,
                    540800000,
                    573500000,
                    559100000,
                    563500000,
                    708600000,
                    414000000,
                    169700000,
                    900000,
                    377100000,
                    1415100000
                ],
                "cfi_ppe_net": [
                    -32412000,
                    -45068000,
                    -36103000,
                    -31002000,
                    -42400000,
                    -20500000,
                    -35300000,
                    -43300000,
                    -78400000,
                    -39000000,
                    -28300000,
                    -63000000,
                    -56400000,
                    -64200000,
                    -75500000,
                    -72400000,
                    -76000000,
                    -50700000,
                    -67000000,
                    -53200000
                ],
                "cfo_growth": [
                    0.8929,
                    0.0715,
                    -0.5896,
                    1.5521,
                    0.6961,
                    0.1122,
                    0.3887,
                    0.2287,
                    -0.1617,
                    -0.5844,
                    1.1912,
                    0.0604,
                    -0.0251,
                    0.0078,
                    0.2574,
                    -0.4157,
                    -0.59,
                    -0.9946,
                    418.0,
                    2.7525
                ],
                "eps_diluted": [
                    0.39,
                    0.4,
                    0.14,
                    0.52,
                    0.9,
                    1.35,
                    1.19,
                    1.47,
                    0.8,
                    0.25,
                    0.9,
                    1.22,
                    1.07,
                    1.0,
                    0.35,
                    -1.46,
                    -2.61,
                    -2.58,
                    -0.37,
                    0.96
                ],
                "eps_diluted_growth": [
                    8.95,
                    0.005,
                    -0.65,
                    2.7142,
                    0.7307,
                    0.5,
                    -0.1185,
                    0.2352,
                    -0.4557,
                    -0.6875,
                    2.6,
                    0.3555,
                    -0.1229,
                    -0.0654,
                    -0.65,
                    -5.1714,
                    -0.7876,
                    0.0114,
                    0.8565,
                    3.5945
                ],
                "fcf": [
                    163707000,
                    165088000,
                    50131000,
                    189081000,
                    330900000,
                    394700000,
                    541300000,
                    665200000,
                    515500000,
                    207800000,
                    512500000,
                    510500000,
                    502700000,
                    499300000,
                    633100000,
                    341600000,
                    93700000,
                    -49800000,
                    310100000,
                    1361900000
                ],
                "fcf_growth": [
                    0.7367,
                    0.0084,
                    -0.6963,
                    2.7717,
                    0.75,
                    0.1928,
                    0.3714,
                    0.2288,
                    -0.225,
                    -0.5968,
                    1.4663,
                    -0.0039,
                    -0.0152,
                    -0.0067,
                    0.2679,
                    -0.4604,
                    -0.7257,
                    -1.5314,
                    7.2269,
                    3.3918
                ],
                "income_tax": [
                    -51540000,
                    -35169000,
                    -6562000,
                    -2880000,
                    -22000000,
                    -58100000,
                    -76800000,
                    -113800000,
                    -68900000,
                    -26700000,
                    -60000000,
                    -77600000,
                    -62600000,
                    -51100000,
                    -1200000,
                    -310200000,
                    -58300000,
                    -9600000,
                    -38100000,
                    -80300000
                ],
                "lt_debt": [
                    0,
                    0,
                    0,
                    0,
                    0,
                    0,
                    0,
                    0,
                    0,
                    0,
                    0,
                    0,
                    745600000,
                    746400000,
                    743100000,
                    1487700000,
                    1092000000,
                    1586000000,
                    2087700000,
                    1635100000
                ],
                "market_cap": [
                    2017852320,
                    2281383500,
                    1677224160,
                    2871204000,
                    6684935070,
                    9339759000,
                    10108064000,
                    9464500000,
                    3749184000,
                    5445531000,
                    9234360000,
                    8132400000,
                    8693568000,
                    11618375000,
                    12260270000,
                    10506408000,
                    17919202000,
                    25239846000,
                    32295680000,
                    43188890000
                ],
                "operating_income": [
                    138780000,
                    131804000,
                    50849000,
                    109420000,
                    258400000,
                    378500000,
                    349700000,
                    445600000,
                    413600000,
                    134800000,
                    282200000,
                    354300000,
                    349800000,
                    297600000,
                    123800000,
                    1300000,
                    -419100000,
                    -415000000,
                    16900000,
                    343500000
                ],
                "period_end_date": [
                    "2001-01",
                    "2002-01",
                    "2003-01",
                    "2004-01",
                    "2005-01",
                    "2006-01",
                    "2007-01",
                    "2008-01",
                    "2009-01",
                    "2010-01",
                    "2011-01",
                    "2012-01",
                    "2013-01",
                    "2014-01",
                    "2015-01",
                    "2016-01",
                    "2017-01",
                    "2018-01",
                    "2019-01",
                    "2020-01"
                ],
                "pretax_income": [
                    144773000,
                    126693000,
                    38466000,
                    123196000,
                    243100000,
                    391700000,
                    366500000,
                    470000000,
                    252500000,
                    84700000,
                    272000000,
                    362900000,
                    310000000,
                    279900000,
                    83000000,
                    -20300000,
                    -523800000,
                    -557300000,
                    -42700000,
                    294800000
                ],
                "price_to_earnings": [
                    21.6431,
                    25.2608,
                    52.5709,
                    23.8638,
                    30.2348,
                    27.9968,
                    34.8914,
                    26.5707,
                    20.4203,
                    93.8884,
                    43.5583,
                    28.5047,
                    35.1397,
                    50.7796,
                    149.881,
                    -31.7894,
                    -30.7837,
                    -44.5225,
                    -399.699,
                    201.3468
                ],
                "revenue": [
                    936324000,
                    947491000,
                    824945000,
                    951643000,
                    1238900000,
                    1537200000,
                    1839800000,
                    2171900000,
                    2315200000,
                    1713700000,
                    1951800000,
                    2215600000,
                    2312200000,
                    2273900000,
                    2512200000,
                    2504100000,
                    2031000000,
                    2056600000,
                    2569800000,
                    3274300000
                ],
                "revenue_growth": [
                    0.1416,
                    0.0119,
                    -0.1293,
                    0.1535,
                    0.3018,
                    0.2407,
                    0.1968,
                    0.1805,
                    0.0659,
                    -0.2598,
                    0.1389,
                    0.1351,
                    0.0435,
                    -0.0165,
                    0.1047,
                    -0.0032,
                    -0.1889,
                    0.0126,
                    0.2495,
                    0.2741
                ],
                "roic": [
                    0.2161,
                    0.2371,
                    0.0822,
                    0.3331,
                    0.9412,
                    1.0324,
                    0.6004,
                    0.9352,
                    0.4845,
                    0.1074,
                    0.3627,
                    0.4527,
                    0.26,
                    0.1962,
                    0.0604,
                    -0.1999,
                    -0.4209,
                    -0.8975,
                    -0.13,
                    0.2726
                ],
                "shares_diluted": [
                    234056000,
                    224550000,
                    229550000,
                    231304000,
                    245667000,
                    247500000,
                    243200000,
                    242000000,
                    230100000,
                    232100000,
                    234200000,
                    233300000,
                    231700000,
                    229600000,
                    232400000,
                    226000000,
                    222700000,
                    219500000,
                    218900000,
                    222500000
                ],
                "st_debt": [
                    0,
                    0,
                    0,
                    0,
                    0,
                    0,
                    0,
                    0,
                    52100000,
                    0,
                    0,
                    0,
                    0,
                    0,
                    0,
                    0,
                    398700000,
                    0,
                    0,
                    449700000
                ],
                "total_assets": [
                    807759000,
                    902444000,
                    883650000,
                    1017160000,
                    1142204000,
                    1355800000,
                    1797500000,
                    2212200000,
                    2420700000,
                    2447200000,
                    2787600000,
                    3227800000,
                    4308400000,
                    4595000000,
                    4909700000,
                    5515300000,
                    4798100000,
                    4113600000,
                    4729200000,
                    6179300000
                ],
                "total_equity": [
                    472638000,
                    529314000,
                    569208000,
                    621643000,
                    648078000,
                    803000000,
                    1115000000,
                    1230500000,
                    1310700000,
                    1473500000,
                    1609300000,
                    1882900000,
                    2043200000,
                    2261500000,
                    2219200000,
                    1619600000,
                    733600000,
                    -256000000,
                    -210900000,
                    -139100000
                ],
                "total_equity_growth": [
                    -0.2152,
                    0.1199,
                    0.0753,
                    0.0921,
                    0.0425,
                    0.239,
                    0.3885,
                    0.1035,
                    0.0651,
                    0.1242,
                    0.0921,
                    0.17,
                    0.0851,
                    0.1068,
                    -0.0187,
                    -0.2701,
                    -0.547,
                    -1.3489,
                    0.1761,
                    0.3404
                ]
            }
        }
    }
}