{
    "data": {
        "financials": {
            "annual": {
                "book_value_per_share": [
                    19.932,
                    23.0793,
                    30.6531,
                    33.2482,
                    37.6176,
                    50.3276,
                    25.143,
                    24.9729,
                    25.9062,
                    16.1319,
                    10.6105,
                    -2.7198,
                    1.0044,
                    0.7814,
                    7.4789,
                    4.7855,
                    5.61
                ],
                "cf_cfo": [
                    1204104000,
                    1471814000,
                    2626649000,
                    3196149000,
                    3774834000,
                    4027950000,
                    1041775000,
                    -1082768000,
                    1893408000,
                    1116798000,
                    2026027000,
                    1247842000,
                    2065359000,
                    2361814000,
                    4850888000,
                    4320819000,
                    4327778000
                ],
                "cfi_ppe_net": [
                    -1175710000,
                    -1075980000,
                    -2596607000,
                    -2788207000,
                    -2937748000,
                    -3195652000,
                    -2483029000,
                    -1416554000,
                    -1605891000,
                    -948819000,
                    -1289042000,
                    -1432799000,
                    -1392156000,
                    -1960970000,
                    -2885207000,
                    -3084187000,
                    -3635556000
                ],
                "cfo_growth": [
                    0.0,
                    0.2223,
                    0.7846,
                    0.2168,
                    0.181,
                    0.067,
                    -0.7413,
                    -2.0393,
                    2.7486,
                    -0.4101,
                    0.8141,
                    -0.384,
                    0.6551,
                    0.1435,
                    1.0538,
                    -0.1092,
                    0.0016
                ],
                "eps_diluted": [
                    0.59,
                    0.52,
                    8.7,
                    3.91,
                    4.04,
                    3.86,
                    -3.6,
                    -7.19,
                    2.46,
                    -5.43,
                    -8.45,
                    -0.93,
                    0.37,
                    2.37,
                    0.43,
                    1.04,
                    0.71
                ],
                "eps_diluted_growth": [
                    0.0,
                    -0.1127,
                    15.5218,
                    -0.5508,
                    0.0329,
                    -0.043,
                    -1.9319,
                    -0.9958,
                    1.3432,
                    -3.2013,
                    -0.5556,
                    0.8891,
                    1.3948,
                    5.4135,
                    -0.8154,
                    1.3904,
                    -0.3209
                ],
                "fcf": [
                    28394000,
                    395834000,
                    30042000,
                    407942000,
                    837086000,
                    832298000,
                    -1441254000,
                    -2499322000,
                    287517000,
                    167979000,
                    736985000,
                    -184957000,
                    673203000,
                    400844000,
                    1965681000,
                    1236632000,
                    692222000
                ],
                "fcf_growth": [
                    0.0,
                    12.9407,
                    -0.9241,
                    12.579,
                    1.0519,
                    -0.0057,
                    -2.7316,
                    -0.7341,
                    1.115,
                    -0.4157,
                    3.3873,
                    -1.2509,
                    4.6397,
                    -0.4045,
                    3.9038,
                    -0.3708,
                    -0.4402
                ],
                "income_tax": [
                    14039000,
                    -2451000,
                    -175462000,
                    -308063000,
                    -328477000,
                    -557453000,
                    573107000,
                    795115000,
                    274895000,
                    -22310000,
                    -1310959000,
                    -240444000,
                    -32680000,
                    -310127000,
                    24852000,
                    -254835000,
                    -84444000
                ],
                "lt_debt": [
                    2705715000,
                    5367647000,
                    10407652000,
                    9417569000,
                    9826490000,
                    10736025000,
                    5852480000,
                    12512890000,
                    8304348000,
                    7409449000,
                    6558904000,
                    5579531000,
                    3717865000,
                    7669831000,
                    7004734000,
                    3215017000,
                    3703333000
                ],
                "market_cap": [
                    0,
                    0,
                    4843524320,
                    6373625440,
                    12741883260,
                    8451164850,
                    2656938150,
                    4698427350,
                    5043679200,
                    2862610100,
                    3099528330,
                    2803489330,
                    2226446400,
                    1603015200,
                    6946680000,
                    4651069440,
                    4710300640
                ],
                "operating_income": [
                    -7514930000,
                    170343000,
                    -13255273000,
                    1750903000,
                    1633113000,
                    1989130000,
                    -403394000,
                    -2066486000,
                    -74334000,
                    -574803000,
                    150685000,
                    598027000,
                    498911000,
                    1001055000,
                    29586000,
                    1432309000,
                    952222000
                ],
                "period_end_date": [
                    "2003-03",
                    "2004-03",
                    "2005-03",
                    "2006-03",
                    "2007-03",
                    "2008-03",
                    "2009-03",
                    "2010-03",
                    "2011-03",
                    "2012-12",
                    "2013-12",
                    "2014-12",
                    "2015-12",
                    "2016-12",
                    "2017-12",
                    "2018-12",
                    "2019-12"
                ],
                "pretax_income": [
                    119870000,
                    122549000,
                    2238786000,
                    1444043000,
                    1480795000,
                    1798137000,
                    -1571802000,
                    -2888738000,
                    612903000,
                    -1233596000,
                    -723288000,
                    27127000,
                    180828000,
                    868143000,
                    152663000,
                    717861000,
                    384444000
                ],
                "price_to_earnings": [
                    0.0,
                    0.0,
                    2.1647,
                    5.8011,
                    10.7969,
                    7.1991,
                    -2.5002,
                    -2.2211,
                    5.876,
                    -1.7806,
                    -1.2384,
                    -10.105,
                    17.321,
                    1.9187,
                    36.012,
                    9.734,
                    14.6181
                ],
                "revenue": [
                    13700864000,
                    15118873000,
                    25043536000,
                    25814681000,
                    30565563000,
                    37464286000,
                    31298956000,
                    28492537000,
                    33130435000,
                    33384514000,
                    34972603000,
                    30739827000,
                    27985839000,
                    26208861000,
                    30611834000,
                    29837315000,
                    30210000000
                ],
                "revenue_growth": [
                    0.0,
                    0.1034,
                    0.6564,
                    0.0307,
                    0.184,
                    0.2257,
                    -0.1645,
                    -0.0896,
                    0.1627,
                    0.0076,
                    0.0475,
                    -0.121,
                    -0.0895,
                    -0.0634,
                    0.1679,
                    -0.0253,
                    0.0124
                ],
                "roic": [
                    0.0,
                    0.0123,
                    0.1626,
                    0.0634,
                    0.067,
                    0.0596,
                    -0.0598,
                    -0.133,
                    0.0472,
                    -0.0967,
                    -0.188,
                    -0.0287,
                    0.0193,
                    0.1061,
                    0.0192,
                    0.0494,
                    0.0358
                ],
                "shares_diluted": [
                    218182000,
                    216909000,
                    259091000,
                    284227000,
                    296183000,
                    307766000,
                    294710000,
                    294375000,
                    373880000,
                    295870000,
                    296035000,
                    296039000,
                    296063000,
                    349612000,
                    370586000,
                    427432000,
                    455334000
                ],
                "st_debt": [
                    0,
                    0,
                    1722955000,
                    1638989000,
                    1630464000,
                    1672360000,
                    1466057000,
                    2633650000,
                    1741935000,
                    1447507000,
                    2334247000,
                    1824908000,
                    1571895000,
                    1062236000,
                    1637870000,
                    217292000,
                    332222000
                ],
                "total_assets": [
                    13615551000,
                    15881127000,
                    30598945000,
                    31864019000,
                    35324503000,
                    47655280000,
                    37562663000,
                    37686567000,
                    40629734000,
                    35065617000,
                    34823288000,
                    28657213000,
                    25419390000,
                    30032700000,
                    36150296000,
                    33716724000,
                    34150000000
                ],
                "total_equity": [
                    4348812000,
                    5006127000,
                    7941953000,
                    9450060000,
                    11141722000,
                    15489130000,
                    7409922000,
                    7351425000,
                    9685835000,
                    4772966000,
                    3141096000,
                    -805179000,
                    297386000,
                    273207000,
                    2771598000,
                    2045506000,
                    2554444000
                ],
                "total_equity_growth": [
                    0.0,
                    0.1511,
                    0.5864,
                    0.1898,
                    0.179,
                    0.3901,
                    -0.5216,
                    -0.0078,
                    0.3175,
                    -0.5072,
                    -0.3418,
                    -1.2563,
                    1.3693,
                    -0.0813,
                    9.1446,
                    -0.2619,
                    0.2488
                ]
            }
        }
    }
}