{
    "data": {
        "financials": {
            "annual": {
                "book_value_per_share": [
                    -2.7566,
                    -3.9537,
                    -3.5754,
                    -2.4707,
                    -0.5341,
                    0.5774,
                    1.0165,
                    2.8231,
                    6.1851,
                    11.8936,
                    15.0526,
                    16.8264,
                    18.0838,
                    20.9591,
                    23.2489,
                    28.0587,
                    39.845,
                    56.2048,
                    87.098,
                    123.1349
                ],
                "cf_cfo": [
                    -130442000,
                    -119782000,
                    174291000,
                    392022000,
                    566000000,
                    733000000,
                    702000000,
                    1405000000,
                    1697000000,
                    3293000000,
                    3495000000,
                    3903000000,
                    4180000000,
                    5475000000,
                    6842000000,
                    12039000000,
                    17203000000,
                    18365000000,
                    30723000000,
                    38514000000
                ],
                "cfi_ppe_net": [
                    -134758000,
                    -50321000,
                    -39163000,
                    -40891000,
                    -89000000,
                    -204000000,
                    -216000000,
                    -224000000,
                    -333000000,
                    -373000000,
                    -979000000,
                    -1811000000,
                    -3785000000,
                    -3444000000,
                    -4893000000,
                    -4589000000,
                    -6737000000,
                    -10058000000,
                    -11323000000,
                    -12689000000
                ],
                "cfo_growth": [
                    -0.435,
                    0.0817,
                    2.455,
                    1.2492,
                    0.4437,
                    0.295,
                    -0.0422,
                    1.0014,
                    0.2078,
                    0.9404,
                    0.0613,
                    0.1167,
                    0.0709,
                    0.3098,
                    0.2496,
                    0.7595,
                    0.4289,
                    0.0675,
                    0.6729,
                    0.2535
                ],
                "eps_diluted": [
                    -4.02,
                    -1.56,
                    -0.39,
                    0.08,
                    1.39,
                    0.84,
                    0.45,
                    1.12,
                    1.49,
                    2.04,
                    2.53,
                    1.37,
                    -0.09,
                    0.59,
                    -0.52,
                    1.25,
                    4.9,
                    6.15,
                    20.14,
                    23.01
                ],
                "eps_diluted_growth": [
                    -0.8272,
                    0.6119,
                    0.75,
                    1.2051,
                    16.375,
                    -0.3956,
                    -0.4642,
                    1.4888,
                    0.3303,
                    0.3691,
                    0.2401,
                    -0.4584,
                    -1.0656,
                    7.5555,
                    -1.8813,
                    3.4038,
                    2.92,
                    0.2551,
                    2.2747,
                    0.1425
                ],
                "fcf": [
                    -265200000,
                    -170103000,
                    135128000,
                    351131000,
                    477000000,
                    529000000,
                    486000000,
                    1181000000,
                    1364000000,
                    2920000000,
                    2516000000,
                    2092000000,
                    395000000,
                    2031000000,
                    1949000000,
                    7450000000,
                    10466000000,
                    8307000000,
                    19400000000,
                    25825000000
                ],
                "fcf_growth": [
                    0.2984,
                    0.3585,
                    1.7943,
                    1.5985,
                    0.3584,
                    0.109,
                    -0.0812,
                    1.43,
                    0.1549,
                    1.1407,
                    -0.1383,
                    -0.1685,
                    -0.8111,
                    4.1417,
                    -0.0403,
                    2.8224,
                    0.4048,
                    -0.2062,
                    1.3353,
                    0.3311
                ],
                "income_tax": [
                    0,
                    0,
                    700000,
                    -3706000,
                    233000000,
                    -95000000,
                    -187000000,
                    -184000000,
                    -247000000,
                    -253000000,
                    -352000000,
                    -291000000,
                    -428000000,
                    -161000000,
                    -167000000,
                    -950000000,
                    -1425000000,
                    -769000000,
                    -1197000000,
                    -2374000000
                ],
                "lt_debt": [
                    2127464000,
                    2156133000,
                    2277305000,
                    1945439000,
                    1855000000,
                    1480000000,
                    1247000000,
                    1282000000,
                    409000000,
                    109000000,
                    184000000,
                    255000000,
                    3084000000,
                    3191000000,
                    8265000000,
                    8227000000,
                    7694000000,
                    24743000000,
                    23495000000,
                    23414000000
                ],
                "market_cap": [
                    5557098400,
                    4038218760,
                    7327544340,
                    21224487480,
                    18146100190,
                    19614400000,
                    16336440000,
                    38538240000,
                    21977736240,
                    59726880000,
                    81180000000,
                    78760500000,
                    113894980000,
                    183044610000,
                    144312750000,
                    318344190000,
                    357687990000,
                    566023480000,
                    737467270000,
                    920224320000
                ],
                "operating_income": [
                    -863880000,
                    -230672000,
                    64124000,
                    270595000,
                    432000000,
                    479000000,
                    399000000,
                    664000000,
                    818000000,
                    1231000000,
                    1406000000,
                    862000000,
                    676000000,
                    745000000,
                    178000000,
                    2233000000,
                    4186000000,
                    4106000000,
                    12421000000,
                    14541000000
                ],
                "period_end_date": [
                    "2000-12",
                    "2001-12",
                    "2002-12",
                    "2003-12",
                    "2004-12",
                    "2005-12",
                    "2006-12",
                    "2007-12",
                    "2008-12",
                    "2009-12",
                    "2010-12",
                    "2011-12",
                    "2012-12",
                    "2013-12",
                    "2014-12",
                    "2015-12",
                    "2016-12",
                    "2017-12",
                    "2018-12",
                    "2019-12"
                ],
                "pretax_income": [
                    0,
                    0,
                    -150633000,
                    38988000,
                    355000000,
                    428000000,
                    377000000,
                    660000000,
                    901000000,
                    1161000000,
                    1497000000,
                    934000000,
                    544000000,
                    506000000,
                    -111000000,
                    1568000000,
                    3892000000,
                    3806000000,
                    11261000000,
                    13976000000
                ],
                "price_to_earnings": [
                    -3.9376,
                    -7.1186,
                    -49.1346,
                    601.567,
                    30.8607,
                    54.6362,
                    85.9812,
                    80.9626,
                    34.074,
                    66.216,
                    70.4687,
                    124.8185,
                    -2920.3841,
                    668.046,
                    -598.808,
                    534.1345,
                    150.8595,
                    186.6216,
                    73.2122,
                    79.4118
                ],
                "revenue": [
                    2761983000,
                    3122433000,
                    3932936000,
                    5263699000,
                    6921000000,
                    8490000000,
                    10711000000,
                    14835000000,
                    19166000000,
                    24509000000,
                    34204000000,
                    48077000000,
                    61093000000,
                    74452000000,
                    88988000000,
                    107006000000,
                    135987000000,
                    177866000000,
                    232887000000,
                    280522000000
                ],
                "revenue_growth": [
                    0.6843,
                    0.1305,
                    0.2595,
                    0.3383,
                    0.3148,
                    0.2267,
                    0.2616,
                    0.385,
                    0.2919,
                    0.2787,
                    0.3955,
                    0.4055,
                    0.2707,
                    0.2186,
                    0.1952,
                    0.2024,
                    0.2708,
                    0.3079,
                    0.3093,
                    0.2045
                ],
                "roic": [
                    -1.4342,
                    -2.0809,
                    -0.7639,
                    6.5156,
                    8.5047,
                    0.687,
                    0.2725,
                    1.3697,
                    2.8351,
                    0.7213,
                    0.3977,
                    0.1653,
                    -0.0099,
                    0.0536,
                    -0.0322,
                    0.0585,
                    0.1767,
                    0.1006,
                    0.2237,
                    0.1728
                ],
                "shares_diluted": [
                    350873000,
                    364211000,
                    378363000,
                    419352000,
                    425000000,
                    426000000,
                    424000000,
                    424000000,
                    432000000,
                    442000000,
                    456000000,
                    461000000,
                    453000000,
                    465000000,
                    462000000,
                    477000000,
                    484000000,
                    493000000,
                    500000000,
                    504000000
                ],
                "st_debt": [
                    16577000,
                    14992000,
                    13318000,
                    4216000,
                    2000000,
                    0,
                    0,
                    17000000,
                    0,
                    0,
                    0,
                    0,
                    0,
                    0,
                    0,
                    0,
                    0,
                    0,
                    0,
                    0
                ],
                "total_assets": [
                    2135169000,
                    1637547000,
                    1990449000,
                    2162033000,
                    3248000000,
                    3696000000,
                    4363000000,
                    6485000000,
                    8314000000,
                    13813000000,
                    18797000000,
                    25278000000,
                    32555000000,
                    40159000000,
                    54505000000,
                    64747000000,
                    83402000000,
                    131310000000,
                    162648000000,
                    225248000000
                ],
                "total_equity": [
                    -967251000,
                    -1440000000,
                    -1352814000,
                    -1036107000,
                    -227000000,
                    246000000,
                    431000000,
                    1197000000,
                    2672000000,
                    5257000000,
                    6864000000,
                    7757000000,
                    8192000000,
                    9746000000,
                    10741000000,
                    13384000000,
                    19285000000,
                    27709000000,
                    43549000000,
                    62060000000
                ],
                "total_equity_growth": [
                    -4.6321,
                    -0.4887,
                    0.0605,
                    0.2341,
                    0.7809,
                    2.0837,
                    0.752,
                    1.7772,
                    1.2322,
                    0.9674,
                    0.3056,
                    0.13,
                    0.056,
                    0.1896,
                    0.102,
                    0.246,
                    0.4408,
                    0.4368,
                    0.5716,
                    0.425
                ]
            }
        }
    }
}