{
    "quickfs_data": {
        "financials": {
            "annual": {
                "book_value_per_share": [
                    1.0658,
                    1.2047,
                    1.4651,
                    1.9932,
                    2.6603,
                    3.3387,
                    7.0,
                    7.903,
                    13.6328,
                    14.3011,
                    16.4139,
                    18.5892,
                    20.434,
                    22.4539,
                    23.5418,
                    23.9822,
                    24.8221,
                    25.8575,
                    30.8398,
                    40.1906
                ],
                "cf_cfo": [
                    22850000,
                    23638000,
                    22116000,
                    38806000,
                    51366000,
                    67825000,
                    89697000,
                    127128000,
                    196708000,
                    173689000,
                    166884000,
                    307661000,
                    298415000,
                    332983000,
                    385307000,
                    375699000,
                    365980000,
                    427660000,
                    484988000,
                    499936000
                ],
                "cfi_ppe_net": [
                    -3173000,
                    -2070000,
                    -1612000,
                    -2761000,
                    -3191000,
                    -4752000,
                    -7843000,
                    -10859000,
                    -16639000,
                    -8311000,
                    -14260000,
                    -22063000,
                    -23977000,
                    -28848000,
                    -26023000,
                    -16145000,
                    -12443000,
                    -19149000,
                    -21762000,
                    -44940000
                ],
                "cfo_growth": [
                    0.2458,
                    0.0344,
                    -0.0643,
                    0.7546,
                    0.3236,
                    0.3204,
                    0.3224,
                    0.4173,
                    0.5473,
                    -0.117,
                    -0.0391,
                    0.8435,
                    -0.03,
                    0.1158,
                    0.1571,
                    -0.0249,
                    -0.0258,
                    0.1685,
                    0.134,
                    0.0308
                ],
                "eps_diluted": [
                    0.25,
                    0.22,
                    0.3,
                    0.33,
                    0.52,
                    0.65,
                    0.19,
                    1.02,
                    1.29,
                    1.27,
                    1.64,
                    1.91,
                    2.14,
                    2.58,
                    2.7,
                    2.76,
                    2.99,
                    2.98,
                    4.88,
                    5.25
                ],
                "eps_diluted_growth": [
                    0.1363,
                    -0.108,
                    0.3677,
                    0.0983,
                    0.5671,
                    0.238,
                    -0.7076,
                    4.3684,
                    0.2647,
                    -0.0155,
                    0.2913,
                    0.1646,
                    0.1204,
                    0.2056,
                    0.0465,
                    0.0222,
                    0.0833,
                    -0.0033,
                    0.6375,
                    0.0758
                ],
                "fcf": [
                    19677000,
                    21568000,
                    20504000,
                    36045000,
                    48175000,
                    63073000,
                    81854000,
                    116269000,
                    180069000,
                    165378000,
                    152624000,
                    285598000,
                    274438000,
                    304135000,
                    359284000,
                    359554000,
                    353537000,
                    408511000,
                    463226000,
                    454996000
                ],
                "fcf_growth": [
                    0.1865,
                    0.0961,
                    -0.0493,
                    0.7579,
                    0.3365,
                    0.3092,
                    0.2977,
                    0.4204,
                    0.5487,
                    -0.0815,
                    -0.0771,
                    0.8712,
                    -0.039,
                    0.1082,
                    0.1813,
                    0.0007,
                    -0.0167,
                    0.1554,
                    0.1339,
                    -0.0177
                ],
                "income_tax": [
                    -6848000,
                    -6290000,
                    -8426000,
                    -9361000,
                    -13334000,
                    -19208000,
                    -18905000,
                    -41871000,
                    -55020000,
                    -57138000,
                    -63262000,
                    -84183000,
                    -90064000,
                    -77162000,
                    -93449000,
                    -104244000,
                    -114679000,
                    -136443000,
                    -67710000,
                    -71288000
                ],
                "lt_debt": [
                    0,
                    0,
                    0,
                    0,
                    0,
                    0,
                    109393000,
                    52430000,
                    249795000,
                    198668000,
                    127563000,
                    53149000,
                    0,
                    0,
                    0,
                    0,
                    0,
                    0,
                    0,
                    423531000
                ],
                "market_cap": [
                    170094920,
                    357618800,
                    294308950,
                    608460750,
                    1007196960,
                    1368449600,
                    1678730250,
                    3242130540,
                    2494537380,
                    3897318960,
                    4772059290,
                    5307106560,
                    6240128440,
                    8050129600,
                    7442730000,
                    8152950000,
                    7925283120,
                    12425897280,
                    11954643960,
                    22068788940
                ],
                "operating_income": [
                    19579000,
                    18548000,
                    27074000,
                    33345000,
                    29008000,
                    58840000,
                    64256000,
                    126769000,
                    169731000,
                    186203000,
                    219268000,
                    265559000,
                    294253000,
                    321863000,
                    347450000,
                    353679000,
                    376242000,
                    390728000,
                    476574000,
                    515040000
                ],
                "period_end_date": [
                    "2000-12",
                    "2001-12",
                    "2002-12",
                    "2003-12",
                    "2004-12",
                    "2005-12",
                    "2006-12",
                    "2007-12",
                    "2008-12",
                    "2009-12",
                    "2010-12",
                    "2011-12",
                    "2012-12",
                    "2013-12",
                    "2014-12",
                    "2015-12",
                    "2016-12",
                    "2017-12",
                    "2018-12",
                    "2019-12"
                ],
                "pretax_income": [
                    23158000,
                    19982000,
                    27385000,
                    30674000,
                    47901000,
                    63111000,
                    33061000,
                    124263000,
                    166691000,
                    173529000,
                    216394000,
                    264858000,
                    293547000,
                    322489000,
                    348139000,
                    356765000,
                    380315000,
                    395694000,
                    487085000,
                    522583000
                ],
                "price_to_earnings": [
                    10.4288,
                    26.1188,
                    15.5234,
                    28.5488,
                    29.1375,
                    31.1698,
                    118.5878,
                    39.35,
                    22.3382,
                    33.4847,
                    31.163,
                    29.3737,
                    30.6665,
                    32.8138,
                    29.2227,
                    32.2862,
                    29.8351,
                    47.9299,
                    28.5058,
                    48.901
                ],
                "revenue": [
                    74467000,
                    84836000,
                    91011000,
                    113535000,
                    134539000,
                    158036000,
                    263640000,
                    385340000,
                    478339000,
                    516885000,
                    580236000,
                    691449000,
                    798018000,
                    861260000,
                    936021000,
                    942753000,
                    988465000,
                    1095250000,
                    1293636000,
                    1515892000
                ],
                "revenue_growth": [
                    0.1794,
                    0.1392,
                    0.0727,
                    0.2474,
                    0.185,
                    0.1746,
                    0.6682,
                    0.4616,
                    0.2413,
                    0.0805,
                    0.1225,
                    0.1916,
                    0.1541,
                    0.0792,
                    0.0868,
                    0.0071,
                    0.0484,
                    0.108,
                    0.1811,
                    0.1718
                ],
                "roic": [
                    0.4559,
                    0.2514,
                    0.4164,
                    0.4523,
                    0.4904,
                    0.6239,
                    0.0469,
                    0.1514,
                    0.1263,
                    0.0955,
                    0.1265,
                    0.1375,
                    0.1439,
                    0.1745,
                    0.1804,
                    0.1778,
                    0.1899,
                    0.1885,
                    0.2591,
                    0.1789
                ],
                "shares_diluted": [
                    65076000,
                    61752000,
                    62376000,
                    63752000,
                    65956000,
                    67384000,
                    76398000,
                    81135000,
                    86768000,
                    91785000,
                    93209000,
                    94381000,
                    94954000,
                    95139000,
                    94194000,
                    91502000,
                    88969000,
                    86854000,
                    85913000,
                    85925000
                ],
                "st_debt": [
                    0,
                    0,
                    0,
                    0,
                    0,
                    0,
                    13927000,
                    7716000,
                    29630000,
                    26758000,
                    31962000,
                    74423000,
                    53149000,
                    0,
                    0,
                    0,
                    0,
                    0,
                    0,
                    75000000
                ],
                "total_assets": [
                    101120000,
                    117762000,
                    127001000,
                    180559000,
                    239646000,
                    305509000,
                    902696000,
                    969292000,
                    1864514000,
                    1920182000,
                    2126876000,
                    2448470000,
                    2607417000,
                    2722382000,
                    2752879000,
                    2729904000,
                    2800526000,
                    2941623000,
                    3265964000,
                    4838887000
                ],
                "total_equity": [
                    69364000,
                    74393000,
                    91393000,
                    127074000,
                    175469000,
                    224977000,
                    534793000,
                    641210000,
                    1182899000,
                    1312631000,
                    1529929000,
                    1754473000,
                    1940291000,
                    2136246000,
                    2217501000,
                    2194427000,
                    2208405000,
                    2245831000,
                    2649547000,
                    3453379000
                ],
                "total_equity_growth": [
                    0.0568,
                    0.0725,
                    0.2285,
                    0.3904,
                    0.3808,
                    0.2821,
                    1.3771,
                    0.1989,
                    0.8447,
                    0.1096,
                    0.1655,
                    0.1467,
                    0.1059,
                    0.1009,
                    0.038,
                    -0.0104,
                    0.0063,
                    0.0169,
                    0.1797,
                    0.3033
                ]
            }
        }
    }
}