{
    "data": {
        "financials": {
            "annual": {
                "book_value_per_share": [
                    0.4455,
                    0.5514,
                    0.9042,
                    0.7208,
                    0.9065,
                    1.4852,
                    2.0792,
                    2.3114,
                    3.0945,
                    8.2044,
                    8.2548,
                    9.0761,
                    10.1225,
                    6.398,
                    9.9628,
                    10.9174,
                    12.0941,
                    12.3524,
                    14.7756,
                    16.6083
                ],
                "cf_cfo": [
                    77389000,
                    81565000,
                    111792000,
                    90975000,
                    67403000,
                    215309000,
                    86007000,
                    27162000,
                    573500000,
                    1183000000,
                    1376000000,
                    952000000,
                    1345000000,
                    1264000000,
                    1331000000,
                    1259000000,
                    2155000000,
                    2213000000,
                    1790000000,
                    1831000000
                ],
                "cfi_ppe_net": [
                    -4518000,
                    -8631000,
                    -8511000,
                    -11877000,
                    -11976000,
                    -14941000,
                    -30406000,
                    -17935000,
                    -29157000,
                    -69000000,
                    -97000000,
                    -72000000,
                    -73000000,
                    -74000000,
                    -107000000,
                    -111000000,
                    -136000000,
                    -155000000,
                    -131000000,
                    -116000000
                ],
                "cfo_growth": [
                    3.2544,
                    0.0539,
                    0.3705,
                    -0.1862,
                    -0.2591,
                    2.1943,
                    -0.6005,
                    -0.6841,
                    20.114,
                    1.0627,
                    0.1631,
                    -0.3081,
                    0.4128,
                    -0.0602,
                    0.053,
                    -0.054,
                    0.7116,
                    0.0269,
                    -0.1911,
                    0.0229
                ],
                "eps_diluted": [
                    -0.11,
                    0.06,
                    0.11,
                    0.08,
                    0.08,
                    0.18,
                    0.07,
                    0.14,
                    0.55,
                    0.09,
                    0.33,
                    0.92,
                    1.01,
                    0.95,
                    1.13,
                    1.19,
                    1.28,
                    0.36,
                    2.4,
                    1.95
                ],
                "eps_diluted_growth": [
                    -6.0,
                    1.5478,
                    0.746,
                    -0.2727,
                    0.025,
                    1.2439,
                    -0.6195,
                    1.0,
                    2.9285,
                    -0.8363,
                    2.6666,
                    1.7878,
                    0.0978,
                    -0.0594,
                    0.1894,
                    0.053,
                    0.0756,
                    -0.7187,
                    5.6666,
                    -0.1875
                ],
                "fcf": [
                    72871000,
                    72934000,
                    103281000,
                    79098000,
                    55427000,
                    200368000,
                    55601000,
                    9227000,
                    544343000,
                    1114000000,
                    1279000000,
                    880000000,
                    1272000000,
                    1190000000,
                    1224000000,
                    1148000000,
                    2019000000,
                    2058000000,
                    1659000000,
                    1715000000
                ],
                "fcf_growth": [
                    4.064,
                    0.0008,
                    0.416,
                    -0.2341,
                    -0.2992,
                    2.6149,
                    -0.7225,
                    -0.834,
                    57.9945,
                    1.0465,
                    0.1481,
                    -0.3119,
                    0.4454,
                    -0.0644,
                    0.0285,
                    -0.062,
                    0.7587,
                    0.0193,
                    -0.1938,
                    0.0337
                ],
                "income_tax": [
                    4648000,
                    -12037000,
                    -30882000,
                    -37227000,
                    -38277000,
                    -57643000,
                    -5605000,
                    -24038000,
                    -185985000,
                    121000000,
                    -74000000,
                    -246000000,
                    -309000000,
                    -309000000,
                    -146000000,
                    -229000000,
                    -140000000,
                    -878000000,
                    -29000000,
                    -130000000
                ],
                "lt_debt": [
                    73778000,
                    63401000,
                    3122000,
                    2671000,
                    0,
                    0,
                    0,
                    0,
                    0,
                    0,
                    0,
                    0,
                    0,
                    4668000000,
                    4324000000,
                    4074000000,
                    4887000000,
                    4390000000,
                    2671000000,
                    2675000000
                ],
                "market_cap": [
                    308451980,
                    663604970,
                    1690402430,
                    869178290,
                    2172886050,
                    3087832320,
                    3822889800,
                    5365900870,
                    8049878980,
                    13892277300,
                    14720500800,
                    13963364800,
                    11805298200,
                    12547131470,
                    14546869350,
                    28432611130,
                    26919535570,
                    47965216600,
                    35552376260,
                    45679719200
                ],
                "operating_income": [
                    -30325000,
                    39807000,
                    80574000,
                    94847000,
                    109817000,
                    179608000,
                    15226000,
                    73147000,
                    479614000,
                    406000000,
                    795000000,
                    1353000000,
                    1451000000,
                    1372000000,
                    1183000000,
                    1319000000,
                    1412000000,
                    1324000000,
                    1998000000,
                    1739000000
                ],
                "period_end_date": [
                    "2000-03",
                    "2001-03",
                    "2002-03",
                    "2003-03",
                    "2004-03",
                    "2005-03",
                    "2006-03",
                    "2007-03",
                    "2008-03",
                    "2009-12",
                    "2010-12",
                    "2011-12",
                    "2012-12",
                    "2013-12",
                    "2014-12",
                    "2015-12",
                    "2016-12",
                    "2017-12",
                    "2018-12",
                    "2019-12"
                ],
                "pretax_income": [
                    -38736000,
                    32544000,
                    83120000,
                    103407000,
                    115992000,
                    192700000,
                    45856000,
                    109825000,
                    530868000,
                    -8000000,
                    492000000,
                    1331000000,
                    1458000000,
                    1319000000,
                    981000000,
                    1121000000,
                    1106000000,
                    1151000000,
                    1877000000,
                    1633000000
                ],
                "price_to_earnings": [
                    -9.0486,
                    32.3599,
                    32.3596,
                    13.1335,
                    27.9596,
                    22.8631,
                    94.9762,
                    62.5491,
                    23.3408,
                    122.9405,
                    35.2165,
                    12.8694,
                    10.2744,
                    12.4229,
                    17.4214,
                    31.8751,
                    27.867,
                    175.6967,
                    19.2382,
                    30.3923
                ],
                "revenue": [
                    572205000,
                    620183000,
                    786434000,
                    864116000,
                    947656000,
                    1405857000,
                    1468000000,
                    1513012000,
                    2898136000,
                    4279000000,
                    4447000000,
                    4755000000,
                    4856000000,
                    4583000000,
                    4408000000,
                    4664000000,
                    6608000000,
                    7017000000,
                    7500000000,
                    6489000000
                ],
                "revenue_growth": [
                    0.3108,
                    0.0838,
                    0.268,
                    0.0987,
                    0.0966,
                    0.4835,
                    0.0442,
                    0.0306,
                    0.9154,
                    0.4764,
                    0.0392,
                    0.0692,
                    0.0212,
                    -0.0562,
                    -0.0381,
                    0.058,
                    0.4168,
                    0.0618,
                    0.0688,
                    -0.1348
                ],
                "roic": [
                    -0.2042,
                    0.136,
                    0.3681,
                    0.2819,
                    0.2281,
                    0.2343,
                    0.0486,
                    0.0905,
                    0.4369,
                    0.0264,
                    0.0543,
                    0.1474,
                    0.1564,
                    0.1416,
                    0.1226,
                    0.1047,
                    0.0916,
                    0.0274,
                    0.1947,
                    0.1539
                ],
                "shares_diluted": [
                    296277000,
                    328784000,
                    475616000,
                    829199000,
                    918532000,
                    740547000,
                    588004000,
                    610678000,
                    629462000,
                    1311000000,
                    1236000000,
                    1156000000,
                    1118000000,
                    1035000000,
                    726000000,
                    739000000,
                    754000000,
                    766000000,
                    771000000,
                    771000000
                ],
                "st_debt": [
                    16260000,
                    10231000,
                    168000,
                    147000,
                    0,
                    0,
                    0,
                    0,
                    0,
                    0,
                    0,
                    0,
                    0,
                    25000000,
                    0,
                    0,
                    0,
                    0,
                    0,
                    0
                ],
                "total_assets": [
                    309737000,
                    359957000,
                    556887000,
                    704816000,
                    968817000,
                    1306963000,
                    1418255000,
                    1793947000,
                    2530673000,
                    13742000000,
                    13406000000,
                    13277000000,
                    14200000000,
                    14012000000,
                    14642000000,
                    15246000000,
                    17452000000,
                    18668000000,
                    17890000000,
                    19845000000
                ],
                "total_equity": [
                    132009000,
                    181306000,
                    430091000,
                    597740000,
                    832738000,
                    1099912000,
                    1222623000,
                    1411532000,
                    1947892000,
                    10756000000,
                    10203000000,
                    10492000000,
                    11317000000,
                    6622000000,
                    7233000000,
                    8068000000,
                    9119000000,
                    9462000000,
                    11392000000,
                    12805000000
                ],
                "total_equity_growth": [
                    0.0355,
                    0.3734,
                    1.3721,
                    0.3897,
                    0.3931,
                    0.3208,
                    0.1115,
                    0.1545,
                    0.3799,
                    4.5218,
                    -0.0514,
                    0.0283,
                    0.0786,
                    -0.4148,
                    0.0922,
                    0.1154,
                    0.1302,
                    0.0376,
                    0.2039,
                    0.124
                ]
            }
        }
    }
}