{
    "data": {
        "financials": {
            "annual": {
                "book_value_per_share": [
                    12.6477,
                    13.0531,
                    9.52,
                    10.0618,
                    13.8819,
                    13.7738,
                    6.017,
                    11.6556,
                    -1.5665,
                    3.1188,
                    3.8613,
                    4.8068,
                    7.8358,
                    19.5375,
                    11.9315,
                    9.2043,
                    1.3643,
                    2.8081,
                    0.7002,
                    -14.6798
                ],
                "cf_cfo": [
                    5942000000,
                    3894000000,
                    4236000000,
                    2709000000,
                    3504000000,
                    7000000000,
                    7499000000,
                    9584000000,
                    -401000000,
                    5603000000,
                    2952000000,
                    4023000000,
                    7508000000,
                    8179000000,
                    8858000000,
                    9363000000,
                    10496000000,
                    13346000000,
                    15322000000,
                    -2446000000
                ],
                "cfi_ppe_net": [
                    -763000000,
                    -1189000000,
                    -1001000000,
                    -741000000,
                    -978000000,
                    -1496000000,
                    -1456000000,
                    -1672000000,
                    -1640000000,
                    -1159000000,
                    -1062000000,
                    -1619000000,
                    -1606000000,
                    -2047000000,
                    -2202000000,
                    -2408000000,
                    -2575000000,
                    -1647000000,
                    -1602000000,
                    -1500000000
                ],
                "cfo_growth": [
                    -0.0453,
                    -0.3446,
                    0.0878,
                    -0.3604,
                    0.2934,
                    0.9977,
                    0.0712,
                    0.278,
                    -1.0418,
                    14.9725,
                    -0.4731,
                    0.3628,
                    0.8662,
                    0.0893,
                    0.083,
                    0.057,
                    0.121,
                    0.2715,
                    0.148,
                    -1.1596
                ],
                "eps_diluted": [
                    2.44,
                    3.41,
                    0.61,
                    0.89,
                    2.3,
                    3.2,
                    2.85,
                    5.28,
                    3.67,
                    1.84,
                    4.45,
                    5.34,
                    5.11,
                    5.96,
                    7.38,
                    7.44,
                    7.83,
                    13.85,
                    17.85,
                    -1.12
                ],
                "eps_diluted_growth": [
                    -0.02,
                    0.3975,
                    -0.8211,
                    0.459,
                    1.5842,
                    0.3913,
                    -0.1093,
                    0.8526,
                    -0.3049,
                    -0.4986,
                    1.4184,
                    0.2,
                    -0.043,
                    0.1663,
                    0.2382,
                    0.0081,
                    0.0524,
                    0.7688,
                    0.2888,
                    -1.0627
                ],
                "fcf": [
                    5179000000,
                    2705000000,
                    3235000000,
                    1968000000,
                    2526000000,
                    5504000000,
                    6043000000,
                    7912000000,
                    -2041000000,
                    4444000000,
                    1890000000,
                    2404000000,
                    5902000000,
                    6132000000,
                    6656000000,
                    6955000000,
                    7921000000,
                    11699000000,
                    13720000000,
                    -3946000000
                ],
                "fcf_growth": [
                    -0.0314,
                    -0.4776,
                    0.1959,
                    -0.3916,
                    0.2835,
                    1.1789,
                    0.0979,
                    0.3092,
                    -1.2579,
                    3.1773,
                    -0.5747,
                    0.2719,
                    1.455,
                    0.0389,
                    0.0854,
                    0.0449,
                    0.1388,
                    0.4769,
                    0.1727,
                    -1.2876
                ],
                "income_tax": [
                    -871000000,
                    -738000000,
                    -861000000,
                    185000000,
                    -140000000,
                    -257000000,
                    -988000000,
                    -2060000000,
                    -1341000000,
                    -396000000,
                    -1196000000,
                    -1382000000,
                    -2007000000,
                    -1646000000,
                    -1691000000,
                    -1979000000,
                    -749000000,
                    -1649000000,
                    -1144000000,
                    1623000000
                ],
                "lt_debt": [
                    7567000000,
                    10866000000,
                    12589000000,
                    13299000000,
                    10879000000,
                    9538000000,
                    8157000000,
                    7455000000,
                    6952000000,
                    12217000000,
                    11473000000,
                    9880000000,
                    8890000000,
                    7989000000,
                    8044000000,
                    8633000000,
                    9487000000,
                    9696000000,
                    10558000000,
                    19804000000
                ],
                "market_cap": [
                    57782010000,
                    30957841320,
                    26391274220,
                    33764464300,
                    43082165680,
                    56203940800,
                    70071572760,
                    67173128240,
                    31003979330,
                    40975110880,
                    47983002340,
                    54624111750,
                    56944352160,
                    102009759710,
                    91860505440,
                    96387164160,
                    96078223360,
                    174303311490,
                    183064222500,
                    183373235840
                ],
                "operating_income": [
                    3649000000,
                    3917000000,
                    3418000000,
                    1276000000,
                    1987000000,
                    2204000000,
                    3240000000,
                    5792000000,
                    3946000000,
                    2120000000,
                    4698000000,
                    5521000000,
                    6018000000,
                    6328000000,
                    7196000000,
                    7170000000,
                    6231000000,
                    10119000000,
                    11801000000,
                    -2662000000
                ],
                "period_end_date": [
                    "2000-12",
                    "2001-12",
                    "2002-12",
                    "2003-12",
                    "2004-12",
                    "2005-12",
                    "2006-12",
                    "2007-12",
                    "2008-12",
                    "2009-12",
                    "2010-12",
                    "2011-12",
                    "2012-12",
                    "2013-12",
                    "2014-12",
                    "2015-12",
                    "2016-12",
                    "2017-12",
                    "2018-12",
                    "2019-12"
                ],
                "pretax_income": [
                    2999000000,
                    3564000000,
                    3180000000,
                    500000000,
                    1960000000,
                    2819000000,
                    3194000000,
                    6118000000,
                    3995000000,
                    1731000000,
                    4507000000,
                    5393000000,
                    5910000000,
                    6232000000,
                    7137000000,
                    7155000000,
                    5783000000,
                    10107000000,
                    11604000000,
                    -2259000000
                ],
                "price_to_earnings": [
                    27.1532,
                    10.9507,
                    53.6408,
                    47.0257,
                    23.0139,
                    21.8522,
                    31.635,
                    16.4882,
                    11.6032,
                    31.231,
                    14.5095,
                    13.5948,
                    14.6011,
                    22.2485,
                    16.8675,
                    18.6219,
                    19.0858,
                    20.6081,
                    17.5013,
                    -288.3226
                ],
                "revenue": [
                    51321000000,
                    58198000000,
                    54061000000,
                    50256000000,
                    52457000000,
                    53621000000,
                    61530000000,
                    66387000000,
                    60909000000,
                    68281000000,
                    64306000000,
                    68735000000,
                    81698000000,
                    86623000000,
                    90762000000,
                    96114000000,
                    93496000000,
                    94005000000,
                    101127000000,
                    76559000000
                ],
                "revenue_growth": [
                    -0.115,
                    0.1339,
                    -0.071,
                    -0.0703,
                    0.0437,
                    0.0221,
                    0.1474,
                    0.0789,
                    -0.0825,
                    0.121,
                    -0.0582,
                    0.0688,
                    0.1885,
                    0.0602,
                    0.0477,
                    0.0589,
                    -0.0272,
                    0.0054,
                    0.0757,
                    -0.2429
                ],
                "roic": [
                    0.1264,
                    0.137,
                    0.0233,
                    0.038,
                    0.0979,
                    0.1403,
                    0.1805,
                    0.4443,
                    0.3978,
                    0.2826,
                    0.412,
                    0.5039,
                    0.6519,
                    0.4238,
                    0.4999,
                    0.9196,
                    1.4182,
                    2.7946,
                    1.9632,
                    -0.0775
                ],
                "shares_diluted": [
                    871300000,
                    829300000,
                    808400000,
                    808900000,
                    813000000,
                    802900000,
                    787600000,
                    772500000,
                    729000000,
                    713400000,
                    741200000,
                    750600000,
                    761500000,
                    767600000,
                    736700000,
                    695000000,
                    642800000,
                    610000000,
                    585500000,
                    565400000
                ],
                "st_debt": [
                    1232000000,
                    1399000000,
                    1814000000,
                    1144000000,
                    1321000000,
                    1189000000,
                    1381000000,
                    762000000,
                    560000000,
                    707000000,
                    948000000,
                    2256000000,
                    1340000000,
                    1495000000,
                    865000000,
                    1181000000,
                    327000000,
                    1283000000,
                    3133000000,
                    7269000000
                ],
                "total_assets": [
                    42677000000,
                    48978000000,
                    52342000000,
                    52986000000,
                    56224000000,
                    59996000000,
                    51794000000,
                    58986000000,
                    53779000000,
                    62053000000,
                    68565000000,
                    79986000000,
                    88896000000,
                    92663000000,
                    92921000000,
                    94408000000,
                    89997000000,
                    112362000000,
                    117359000000,
                    133625000000
                ],
                "total_equity": [
                    11020000000,
                    10825000000,
                    7696000000,
                    8139000000,
                    11286000000,
                    11059000000,
                    4739000000,
                    9004000000,
                    -1142000000,
                    2225000000,
                    2862000000,
                    3608000000,
                    5967000000,
                    14997000000,
                    8790000000,
                    6397000000,
                    877000000,
                    1713000000,
                    410000000,
                    -8300000000
                ],
                "total_equity_growth": [
                    -0.0385,
                    -0.0176,
                    -0.289,
                    0.0575,
                    0.3866,
                    -0.0201,
                    -0.5714,
                    0.8999,
                    -1.1268,
                    2.9483,
                    0.2862,
                    0.2606,
                    0.6538,
                    1.5133,
                    -0.4138,
                    -0.2722,
                    -0.8629,
                    0.9532,
                    -0.7606,
                    -21.2439
                ]
            }
        }
    }
}