{
    "data": {
        "financials": {
            "annual": {
                "book_value_per_share": [
                    1.5886,
                    1.6597,
                    1.4002,
                    1.051,
                    1.2786,
                    1.0838,
                    1.1877,
                    1.3918,
                    1.5776,
                    1.2898,
                    1.9498,
                    0.6723,
                    0.5236,
                    1.2072,
                    -0.1676,
                    -2.1131,
                    -2.1378,
                    -2.2966,
                    -1.7436,
                    -2.625
                ],
                "cf_cfo": [
                    607329000,
                    601022000,
                    -216548000,
                    1299939000,
                    696000000,
                    768000000,
                    314000000,
                    954000000,
                    2333000000,
                    909000000,
                    552000000,
                    1678000000,
                    1438000000,
                    1380000000,
                    847000000,
                    20000000,
                    137000000,
                    531000000,
                    597000000,
                    -680000000
                ],
                "cfi_ppe_net": [
                    -188881000,
                    -233063000,
                    -807736000,
                    -284567000,
                    -171000000,
                    -274000000,
                    -222000000,
                    -281000000,
                    -370000000,
                    -567000000,
                    -767000000,
                    -1073000000,
                    -2074000000,
                    -2287000000,
                    -1964000000,
                    -1862000000,
                    -1201000000,
                    -1317000000,
                    -415000000,
                    -523000000
                ],
                "cfo_growth": [
                    -0.5511,
                    -0.0103,
                    -1.3602,
                    7.003,
                    -0.4645,
                    0.1034,
                    -0.5911,
                    2.0382,
                    1.4454,
                    -0.6103,
                    -0.3927,
                    2.0398,
                    -0.143,
                    -0.0403,
                    -0.3862,
                    -0.9763,
                    5.85,
                    2.8759,
                    0.1242,
                    -2.139
                ],
                "eps_diluted": [
                    0.34,
                    0.46,
                    0.17,
                    -0.3,
                    -0.07,
                    -0.06,
                    0.13,
                    0.14,
                    0.16,
                    0.56,
                    0.39,
                    0.42,
                    0.25,
                    0.31,
                    -0.74,
                    -2.58,
                    -0.48,
                    -0.24,
                    0.09,
                    -0.76
                ],
                "eps_diluted_growth": [
                    0.3745,
                    0.3362,
                    -0.6312,
                    -2.8176,
                    0.7734,
                    0.1428,
                    3.1666,
                    0.0769,
                    0.1428,
                    2.5,
                    -0.3035,
                    0.0769,
                    -0.4047,
                    0.24,
                    -3.387,
                    -2.4864,
                    0.8139,
                    0.5,
                    1.375,
                    -9.4444
                ],
                "fcf": [
                    418448000,
                    367959000,
                    -1024284000,
                    1015372000,
                    525000000,
                    494000000,
                    92000000,
                    673000000,
                    1963000000,
                    342000000,
                    -215000000,
                    605000000,
                    -636000000,
                    -907000000,
                    -1117000000,
                    -1842000000,
                    -1064000000,
                    -786000000,
                    182000000,
                    -1203000000
                ],
                "fcf_growth": [
                    -0.5444,
                    -0.1206,
                    -3.7836,
                    1.9912,
                    -0.4829,
                    -0.059,
                    -0.8137,
                    6.3152,
                    1.9167,
                    -0.8257,
                    -1.6286,
                    3.8139,
                    -2.0512,
                    -0.4261,
                    -0.2315,
                    -0.649,
                    0.4223,
                    0.2612,
                    1.2315,
                    -7.6098
                ],
                "income_tax": [
                    -244187000,
                    -282480000,
                    -8891000,
                    115667000,
                    -147000000,
                    38000000,
                    -15000000,
                    -92000000,
                    -122000000,
                    -265000000,
                    -208000000,
                    -162000000,
                    -66000000,
                    -199000000,
                    -506000000,
                    -154000000,
                    -174000000,
                    -79000000,
                    -77000000,
                    -267000000
                ],
                "lt_debt": [
                    3306623000,
                    4094294000,
                    4955070000,
                    5791234000,
                    6088000000,
                    5716000000,
                    4747000000,
                    5080000000,
                    4393000000,
                    3952000000,
                    4162000000,
                    4645000000,
                    5360000000,
                    6988000000,
                    7627000000,
                    8908000000,
                    8738000000,
                    9200000000,
                    9093000000,
                    9325000000
                ],
                "market_cap": [
                    0,
                    0,
                    0,
                    0,
                    0,
                    0,
                    0,
                    0,
                    0,
                    0,
                    0,
                    8327272500,
                    8219210000,
                    7461554100,
                    6193225200,
                    2309028800,
                    3837820000,
                    5330691000,
                    3560235000,
                    3572424000
                ],
                "operating_income": [
                    807244000,
                    880163000,
                    713777000,
                    400234000,
                    470000000,
                    236000000,
                    445000000,
                    553000000,
                    740000000,
                    1429000000,
                    1098000000,
                    1050000000,
                    620000000,
                    783000000,
                    872000000,
                    405000000,
                    -195000000,
                    561000000,
                    840000000,
                    222000000
                ],
                "period_end_date": [
                    "2000-01",
                    "2001-01",
                    "2002-01",
                    "2003-01",
                    "2004-01",
                    "2005-01",
                    "2006-01",
                    "2007-01",
                    "2008-01",
                    "2009-01",
                    "2010-01",
                    "2011-01",
                    "2012-12",
                    "2013-12",
                    "2014-12",
                    "2015-12",
                    "2016-12",
                    "2017-12",
                    "2018-12",
                    "2019-12"
                ],
                "pretax_income": [
                    739870000,
                    933587000,
                    31593000,
                    -519844000,
                    -19000000,
                    -160000000,
                    150000000,
                    335000000,
                    439000000,
                    1291000000,
                    915000000,
                    931000000,
                    536000000,
                    771000000,
                    -740000000,
                    -5186000000,
                    -807000000,
                    -446000000,
                    395000000,
                    -1340000000
                ],
                "price_to_earnings": [
                    0.0,
                    0.0,
                    0.0,
                    0.0,
                    0.0,
                    0.0,
                    0.0,
                    0.0,
                    0.0,
                    0.0,
                    0.0,
                    11.0295,
                    17.8678,
                    13.2297,
                    -4.9152,
                    -0.4318,
                    -3.7552,
                    -10.7908,
                    15.3458,
                    -1.9879
                ],
                "revenue": [
                    9391292000,
                    10647434000,
                    13756929000,
                    15552605000,
                    15508000000,
                    15546000000,
                    14726000000,
                    14882000000,
                    17506000000,
                    19721000000,
                    19366000000,
                    17712000000,
                    16414000000,
                    18151000000,
                    20111000000,
                    18172000000,
                    16339000000,
                    16199000000,
                    16236000000,
                    15757000000
                ],
                "revenue_growth": [
                    0.2339,
                    0.1337,
                    0.292,
                    0.1305,
                    -0.0028,
                    0.0024,
                    -0.0527,
                    0.0105,
                    0.1763,
                    0.1265,
                    -0.018,
                    -0.0854,
                    -0.0732,
                    0.1058,
                    0.1079,
                    -0.0964,
                    -0.1008,
                    -0.0085,
                    0.0022,
                    -0.0295
                ],
                "roic": [
                    0.0947,
                    0.0968,
                    0.0028,
                    -0.0467,
                    -0.0105,
                    -0.0128,
                    0.0501,
                    0.0569,
                    0.0698,
                    0.2852,
                    0.1793,
                    0.2265,
                    0.1497,
                    0.1109,
                    -0.2236,
                    -1.4543,
                    -0.4268,
                    -0.1645,
                    0.0682,
                    -0.6008
                ],
                "shares_diluted": [
                    1437600000,
                    1413043000,
                    1367345000,
                    1379334000,
                    1644660000,
                    1800000000,
                    1749561000,
                    1714286000,
                    1756361000,
                    1754442000,
                    1755033000,
                    1746070000,
                    1737849000,
                    1741129000,
                    1741733000,
                    2082683000,
                    2212547000,
                    2195379000,
                    2501047000,
                    2383987000
                ],
                "st_debt": [
                    1381058000,
                    1690207000,
                    1915134000,
                    1685057000,
                    232000000,
                    0,
                    0,
                    0,
                    0,
                    0,
                    0,
                    0,
                    0,
                    0,
                    0,
                    0,
                    0,
                    0,
                    0,
                    0
                ],
                "total_assets": [
                    11746683000,
                    13625831000,
                    17179261000,
                    19065332000,
                    19277000000,
                    20130000000,
                    17482000000,
                    18577000000,
                    22120000000,
                    21306000000,
                    21273000000,
                    24092000000,
                    25175000000,
                    29363000000,
                    27614000000,
                    22903000000,
                    22795000000,
                    24916000000,
                    24958000000,
                    24972000000
                ],
                "total_equity": [
                    2490690000,
                    2545661000,
                    2103746000,
                    1801381000,
                    2450000000,
                    2298000000,
                    2425000000,
                    2733000000,
                    3118000000,
                    2610000000,
                    3769000000,
                    1521000000,
                    1257000000,
                    2449000000,
                    55000000,
                    -4054000000,
                    -4383000000,
                    -4695000000,
                    -4014000000,
                    -5911000000
                ],
                "total_equity_growth": [
                    0.0788,
                    0.022,
                    -0.1735,
                    -0.1437,
                    0.36,
                    -0.062,
                    0.0552,
                    0.127,
                    0.1408,
                    -0.1629,
                    0.444,
                    -0.5964,
                    -0.1735,
                    0.9482,
                    -0.9775,
                    -74.709,
                    -0.0811,
                    -0.0711,
                    0.145,
                    -0.4725
                ]
            }
        }
    }
}