{
    "data": {
        "financials": {
            "annual": {
                "book_value_per_share": [
                    0.2339,
                    0.6376,
                    0.0,
                    6.5369,
                    8.3936,
                    9.8973,
                    7.6785,
                    8.2955,
                    9.2121,
                    9.0408,
                    9.6199,
                    9.6368,
                    9.7692,
                    9.6258,
                    10.9943,
                    12.1118,
                    12.1071,
                    12.4206
                ],
                "cf_cfo": [
                    150119000,
                    135522000,
                    0,
                    165270000,
                    155662000,
                    276036000,
                    257294000,
                    176763000,
                    264751000,
                    391201000,
                    395205000,
                    309666000,
                    454634000,
                    455871000,
                    462910000,
                    528998000,
                    556915000,
                    561995000
                ],
                "cfi_ppe_net": [
                    -38032000,
                    -51002000,
                    0,
                    -74288000,
                    -100635000,
                    -108772000,
                    -108670000,
                    -180630000,
                    -134311000,
                    -178589000,
                    -218751000,
                    -225399000,
                    -242160000,
                    -321760000,
                    -323338000,
                    -365764000,
                    -342153000,
                    -300472000
                ],
                "cfo_growth": [
                    0.0,
                    -0.0972,
                    -1.0,
                    0.0,
                    -0.0581,
                    0.7733,
                    -0.0678,
                    -0.3129,
                    0.4977,
                    0.4776,
                    0.0102,
                    -0.2164,
                    0.4681,
                    0.0027,
                    0.0154,
                    0.1427,
                    0.0527,
                    0.0091
                ],
                "eps_diluted": [
                    0.3,
                    0.37,
                    -0.13,
                    -0.31,
                    0.01,
                    0.85,
                    -0.45,
                    0.87,
                    1.29,
                    1.14,
                    1.47,
                    1.28,
                    1.66,
                    1.87,
                    2.19,
                    2.26,
                    1.83,
                    1.63
                ],
                "eps_diluted_growth": [
                    0.0,
                    0.2333,
                    -1.3513,
                    -1.3846,
                    1.0322,
                    84.0,
                    -1.5294,
                    2.9333,
                    0.4827,
                    -0.1162,
                    0.2894,
                    -0.1292,
                    0.2968,
                    0.1265,
                    0.1711,
                    0.0319,
                    -0.1902,
                    -0.1092
                ],
                "fcf": [
                    112087000,
                    84520000,
                    0,
                    90982000,
                    55027000,
                    167264000,
                    148624000,
                    -3867000,
                    130440000,
                    212612000,
                    176454000,
                    84267000,
                    212474000,
                    134111000,
                    139572000,
                    163234000,
                    214762000,
                    261523000
                ],
                "fcf_growth": [
                    0.0,
                    -0.2459,
                    -1.0,
                    0.0,
                    -0.3951,
                    2.0396,
                    -0.1114,
                    -1.026,
                    34.7315,
                    0.6299,
                    -0.17,
                    -0.5224,
                    1.5214,
                    -0.3688,
                    0.0407,
                    0.1695,
                    0.3156,
                    0.2177
                ],
                "income_tax": [
                    0,
                    0,
                    0,
                    -9408000,
                    -12685000,
                    -111962000,
                    -21055000,
                    -44845000,
                    -57838000,
                    -73050000,
                    -125398000,
                    -113316000,
                    -96064000,
                    -128939000,
                    -103819000,
                    -79358000,
                    -95429000,
                    -79912000
                ],
                "lt_debt": [
                    0,
                    0,
                    0,
                    1048224000,
                    1897394000,
                    1514579000,
                    1496012000,
                    1531478000,
                    1521605000,
                    1560076000,
                    1754464000,
                    1822944000,
                    1783155000,
                    1772930000,
                    1782441000,
                    1780381000,
                    1772627000,
                    1771342000
                ],
                "market_cap": [
                    0,
                    0,
                    0,
                    0,
                    0,
                    1818728000,
                    808837230,
                    1593877290,
                    1961067240,
                    2111594980,
                    2986401000,
                    3845715390,
                    4116606000,
                    3875339320,
                    4457815600,
                    4055659500,
                    4182549800,
                    3965595200
                ],
                "operating_income": [
                    935854000,
                    906586000,
                    790617000,
                    63501000,
                    127369000,
                    112960000,
                    173752000,
                    262332000,
                    304976000,
                    324359000,
                    398901000,
                    415440000,
                    385432000,
                    440096000,
                    446230000,
                    430178000,
                    459425000,
                    407396000
                ],
                "period_end_date": [
                    "2002-12",
                    "2003-12",
                    "2004-12",
                    "2005-12",
                    "2006-12",
                    "2007-12",
                    "2008-12",
                    "2009-12",
                    "2010-12",
                    "2011-12",
                    "2012-12",
                    "2013-12",
                    "2014-12",
                    "2015-12",
                    "2016-12",
                    "2017-12",
                    "2018-12",
                    "2019-12"
                ],
                "pretax_income": [
                    0,
                    47389000,
                    0,
                    -16000000,
                    13526000,
                    200882000,
                    -23375000,
                    145601000,
                    207501000,
                    205632000,
                    296818000,
                    263864000,
                    290063000,
                    347667000,
                    360646000,
                    345377000,
                    310734000,
                    273760000
                ],
                "price_to_earnings": [
                    0.0,
                    0.0,
                    0.0,
                    0.0,
                    0.0,
                    20.4535,
                    -16.7374,
                    16.4134,
                    13.4209,
                    16.1737,
                    17.6763,
                    25.9023,
                    21.3727,
                    17.8694,
                    17.4753,
                    15.3518,
                    19.5604,
                    20.7204
                ],
                "revenue": [
                    935854000,
                    950872000,
                    790617000,
                    1020597000,
                    1220594000,
                    1682841000,
                    1742287000,
                    1976500000,
                    2141144000,
                    2279613000,
                    2473531000,
                    2682894000,
                    2626990000,
                    2852609000,
                    2918765000,
                    2991547000,
                    3221735000,
                    3283099000
                ],
                "revenue_growth": [
                    0.0,
                    0.016,
                    -0.1685,
                    0.2908,
                    0.1959,
                    0.3787,
                    0.0353,
                    0.1344,
                    0.0833,
                    0.0646,
                    0.085,
                    0.0846,
                    -0.0208,
                    0.0858,
                    0.0231,
                    0.0249,
                    0.0769,
                    0.019
                ],
                "roic": [
                    0.0,
                    -1.3442,
                    0.2427,
                    -0.0356,
                    0.0004,
                    0.0358,
                    -0.0216,
                    0.0452,
                    0.0659,
                    0.0584,
                    0.0753,
                    0.0616,
                    0.0765,
                    0.0865,
                    0.0968,
                    0.093,
                    0.0719,
                    0.0537
                ],
                "shares_diluted": [
                    118253000,
                    120673000,
                    27675000,
                    81961000,
                    84100000,
                    104612000,
                    107341000,
                    110255000,
                    112151000,
                    113224000,
                    113824000,
                    114396000,
                    114966000,
                    115399000,
                    115783000,
                    116059000,
                    116342000,
                    116606000
                ],
                "st_debt": [
                    0,
                    0,
                    0,
                    6871000,
                    17908000,
                    13850000,
                    12450000,
                    25456000,
                    12784000,
                    12145000,
                    9546000,
                    9856000,
                    8423000,
                    8405000,
                    5671000,
                    7099000,
                    7984000,
                    6595000
                ],
                "total_assets": [
                    916814000,
                    960736000,
                    0,
                    1864852000,
                    3171582000,
                    3296892000,
                    3065708000,
                    3276448000,
                    3421478000,
                    3522408000,
                    3863226000,
                    4144163000,
                    4120561000,
                    4126497000,
                    4306633000,
                    4470893000,
                    4481838000,
                    5828017000
                ],
                "total_equity": [
                    27664000,
                    76946000,
                    0,
                    535771000,
                    705910000,
                    1035385000,
                    824227000,
                    914628000,
                    1033152000,
                    1023639000,
                    1094984000,
                    1102417000,
                    1123129000,
                    1110813000,
                    1272960000,
                    1405688000,
                    1408570000,
                    1448322000
                ],
                "total_equity_growth": [
                    0.0,
                    1.7814,
                    -1.0,
                    0.0,
                    0.3175,
                    0.4667,
                    -0.2039,
                    0.1096,
                    0.1295,
                    -0.0092,
                    0.0696,
                    0.0067,
                    0.0187,
                    -0.0109,
                    0.1459,
                    0.1042,
                    0.002,
                    0.0282
                ]
            }
        }
    }
}