{
    "data": {
        "financials": {
            "annual": {
                "book_value_per_share": [
                    5.4015,
                    5.2317,
                    5.357,
                    5.231,
                    5.4965,
                    5.8486,
                    7.2221,
                    6.9778,
                    5.2597,
                    6.053,
                    7.752,
                    7.7972,
                    8.0197,
                    8.9979,
                    7.4037,
                    6.8661,
                    7.9235,
                    8.6828,
                    9.0531,
                    8.9054
                ],
                "cf_cfo": [
                    1062174000,
                    414289000,
                    1041314000,
                    626312000,
                    1183771000,
                    954070000,
                    1095674000,
                    1688573000,
                    234310000,
                    262493000,
                    2263945000,
                    1744056000,
                    959988000,
                    1634875000,
                    1326395000,
                    2063685000,
                    787255000,
                    553323000,
                    1857559000,
                    1965789000
                ],
                "cfi_ppe_net": [
                    45262000,
                    13463000,
                    79884000,
                    3477000,
                    6944000,
                    -558873000,
                    -675775000,
                    -1246425000,
                    -1180842000,
                    -705827000,
                    -955799000,
                    -1970245000,
                    -2486807000,
                    -2386535000,
                    -1670600000,
                    -1633917000,
                    -1915681000,
                    -1990964000,
                    -2035962000,
                    -1542315000
                ],
                "cfo_growth": [
                    0.2461,
                    -0.6099,
                    1.5134,
                    -0.3985,
                    0.89,
                    -0.194,
                    0.1484,
                    0.5411,
                    -0.8612,
                    0.1202,
                    7.6247,
                    -0.2296,
                    -0.4495,
                    0.703,
                    -0.1886,
                    0.5558,
                    -0.6185,
                    -0.2971,
                    2.357,
                    0.0582
                ],
                "eps_diluted": [
                    0.82,
                    0.1,
                    0.66,
                    0.21,
                    0.73,
                    0.54,
                    0.64,
                    0.99,
                    -1.24,
                    0.67,
                    2.0,
                    0.78,
                    0.12,
                    0.37,
                    0.45,
                    0.85,
                    -0.08,
                    -0.17,
                    0.33,
                    0.24
                ],
                "eps_diluted_growth": [
                    1.2869,
                    -0.8672,
                    5.0825,
                    -0.6696,
                    2.3424,
                    -0.2527,
                    0.1846,
                    0.5354,
                    -2.2482,
                    1.5394,
                    1.9865,
                    -0.6086,
                    -0.8429,
                    2.0406,
                    0.2032,
                    0.9044,
                    -1.0956,
                    -1.1707,
                    2.8651,
                    -0.2771
                ],
                "fcf": [
                    1107436000,
                    427752000,
                    1121198000,
                    629789000,
                    1190715000,
                    395197000,
                    419899000,
                    442148000,
                    -946532000,
                    -443334000,
                    1308146000,
                    -226189000,
                    -1526819000,
                    -751660000,
                    -344205000,
                    429768000,
                    -1128426000,
                    -1437641000,
                    -178403000,
                    423474000
                ],
                "fcf_growth": [
                    1.1589,
                    -0.6137,
                    1.6211,
                    -0.4382,
                    0.8906,
                    -0.6681,
                    0.0625,
                    0.0529,
                    -3.1407,
                    0.5316,
                    3.9507,
                    -1.1729,
                    -5.7501,
                    0.5076,
                    0.542,
                    2.2485,
                    -3.6256,
                    -0.274,
                    0.8759,
                    3.3736
                ],
                "income_tax": [
                    -14104000,
                    -25901000,
                    -42058000,
                    -52676000,
                    -57356000,
                    -64490000,
                    -100601000,
                    -102458000,
                    171991000,
                    -36504000,
                    -188072000,
                    -103257000,
                    -52774000,
                    -87057000,
                    -77249000,
                    -149277000,
                    -64058000,
                    -39422000,
                    -59595000,
                    -58172000
                ],
                "lt_debt": [
                    2443231000,
                    2822706000,
                    2375878000,
                    2758452000,
                    2271348000,
                    594730000,
                    4368286000,
                    4166293000,
                    2129438000,
                    0,
                    0,
                    0,
                    2607579000,
                    3218417000,
                    3568693000,
                    3411047000,
                    4656124000,
                    6280847000,
                    5237230000,
                    5526811000
                ],
                "market_cap": [
                    6831162000,
                    4739893800,
                    5169960000,
                    7139089200,
                    7350853000,
                    6869060250,
                    11023968800,
                    11759761000,
                    5101531900,
                    8444714300,
                    12536110640,
                    7722171900,
                    8363428280,
                    9492400780,
                    9754322400,
                    7785394360,
                    5897752340,
                    7071883740,
                    6331277780,
                    6529976940
                ],
                "operating_income": [
                    678155000,
                    106682000,
                    609068000,
                    286561000,
                    674769000,
                    844952000,
                    1037269000,
                    1369786000,
                    -529779000,
                    956969000,
                    2004991000,
                    707241000,
                    208126000,
                    484942000,
                    571955000,
                    859793000,
                    -67667000,
                    -291701000,
                    459754000,
                    426293000
                ],
                "period_end_date": [
                    "2000-12",
                    "2001-12",
                    "2002-12",
                    "2003-12",
                    "2004-12",
                    "2005-12",
                    "2006-12",
                    "2007-12",
                    "2008-12",
                    "2009-12",
                    "2010-12",
                    "2011-12",
                    "2012-12",
                    "2013-12",
                    "2014-12",
                    "2015-12",
                    "2016-12",
                    "2017-12",
                    "2018-12",
                    "2019-12"
                ],
                "pretax_income": [
                    666872000,
                    115529000,
                    555342000,
                    226158000,
                    638117000,
                    511795000,
                    650174000,
                    1027019000,
                    -1265096000,
                    663906000,
                    2019013000,
                    832358000,
                    191352000,
                    461598000,
                    522175000,
                    963139000,
                    28742000,
                    -74237000,
                    414738000,
                    274841000
                ],
                "price_to_earnings": [
                    10.6447,
                    56.2645,
                    10.1228,
                    42.5414,
                    12.6572,
                    16.1481,
                    20.9619,
                    13.0579,
                    -4.5467,
                    13.4598,
                    6.9369,
                    10.9167,
                    75.1944,
                    28.0913,
                    24.0114,
                    10.057,
                    -79.5799,
                    -43.8849,
                    21.1116,
                    30.1378
                ],
                "revenue": [
                    4426536000,
                    3902602000,
                    4242960000,
                    3809389000,
                    5499100000,
                    6566277000,
                    7819459000,
                    9663388000,
                    11168843000,
                    8639424000,
                    11516415000,
                    12653953000,
                    12822544000,
                    12959825000,
                    13669027000,
                    13204227000,
                    11954605000,
                    12451874000,
                    14203136000,
                    13706580000
                ],
                "revenue_growth": [
                    0.1987,
                    -0.1183,
                    0.0872,
                    -0.1021,
                    0.4435,
                    0.194,
                    0.1908,
                    0.2358,
                    0.1557,
                    -0.2264,
                    0.333,
                    0.0987,
                    0.0133,
                    0.0107,
                    0.0547,
                    -0.034,
                    -0.0946,
                    0.0415,
                    0.1406,
                    -0.0349
                ],
                "roic": [
                    0.0942,
                    0.012,
                    0.072,
                    0.0231,
                    0.0795,
                    0.0613,
                    0.0662,
                    0.1033,
                    -0.1407,
                    0.1119,
                    0.4888,
                    0.1289,
                    0.0111,
                    0.0246,
                    0.029,
                    0.059,
                    -0.0054,
                    -0.0104,
                    0.0183,
                    0.0125
                ],
                "shares_diluted": [
                    781705000,
                    769601000,
                    770399000,
                    767072000,
                    775904000,
                    777398000,
                    811148000,
                    905051000,
                    903444000,
                    903214000,
                    903214000,
                    903214000,
                    903214000,
                    903214000,
                    903214000,
                    903214000,
                    903214000,
                    903214000,
                    903214000,
                    903214000
                ],
                "st_debt": [
                    228616000,
                    257729000,
                    548931000,
                    628373000,
                    639017000,
                    213076000,
                    965227000,
                    497288000,
                    253406000,
                    0,
                    0,
                    0,
                    571347000,
                    752434000,
                    777008000,
                    1182345000,
                    930194000,
                    617320000,
                    1247282000,
                    1746941000
                ],
                "total_assets": [
                    17798977000,
                    9027940000,
                    9184490000,
                    9664112000,
                    9681584000,
                    10093253000,
                    14440070000,
                    15071618000,
                    14843879000,
                    14617548000,
                    16472805000,
                    17602453000,
                    19971742000,
                    22128716000,
                    22178460000,
                    22298244000,
                    22867657000,
                    24111458000,
                    24336138000,
                    27486194000
                ],
                "total_equity": [
                    4222410000,
                    4026337000,
                    4127045000,
                    4012622000,
                    4264789000,
                    4546697000,
                    5858258000,
                    6315351000,
                    4751884000,
                    5467198000,
                    7001775000,
                    7042576000,
                    7243519000,
                    8127039000,
                    6687172000,
                    6201633000,
                    7156704000,
                    7842515000,
                    8176970000,
                    8043565000
                ],
                "total_equity_growth": [
                    0.2021,
                    -0.0464,
                    0.025,
                    -0.0277,
                    0.0628,
                    0.0661,
                    0.2884,
                    0.078,
                    -0.2475,
                    0.1505,
                    0.2806,
                    0.0058,
                    0.0285,
                    0.1219,
                    -0.1771,
                    -0.0726,
                    0.154,
                    0.0958,
                    0.0426,
                    -0.0163
                ]
            }
        }
    }
}