{
    "data": {
        "financials": {
            "annual": {
                "book_value_per_share": [
                    3.7718,
                    3.85,
                    3.8819,
                    3.6723,
                    3.5063,
                    3.8134,
                    5.0263,
                    5.582,
                    6.6035,
                    7.5726,
                    8.4952,
                    9.4931,
                    10.9903,
                    10.7292,
                    11.6026,
                    12.497,
                    13.099,
                    8.8514,
                    7.5389,
                    8.9139
                ],
                "cf_cfo": [
                    6392000000,
                    6587000000,
                    5319000000,
                    6962000000,
                    7568000000,
                    7899000000,
                    10104000000,
                    12089000000,
                    9897000000,
                    10173000000,
                    10079000000,
                    11491000000,
                    12894000000,
                    12332000000,
                    12552000000,
                    13570000000,
                    13876000000,
                    13666000000,
                    15831000000,
                    15426000000
                ],
                "cfi_ppe_net": [
                    -2271000000,
                    20015000000,
                    -717000000,
                    -613000000,
                    -692000000,
                    -772000000,
                    -1251000000,
                    -1268000000,
                    -1005000000,
                    -1008000000,
                    -1174000000,
                    -1076000000,
                    -1019000000,
                    -1043000000,
                    -1205000000,
                    -1105000000,
                    -957000000,
                    -775000000,
                    -887000000,
                    -591000000
                ],
                "cfo_growth": [
                    0.0408,
                    0.0305,
                    -0.1925,
                    0.3088,
                    0.087,
                    0.0437,
                    0.2791,
                    0.1964,
                    -0.1813,
                    0.0278,
                    -0.0092,
                    0.14,
                    0.122,
                    -0.0435,
                    0.0178,
                    0.0811,
                    0.0225,
                    -0.0151,
                    0.1584,
                    -0.0255
                ],
                "eps_diluted": [
                    -0.14,
                    0.25,
                    0.5,
                    0.62,
                    0.87,
                    0.89,
                    1.17,
                    1.31,
                    1.05,
                    1.33,
                    1.17,
                    1.49,
                    1.86,
                    1.49,
                    1.75,
                    2.11,
                    1.9,
                    0.02,
                    2.61,
                    2.64
                ],
                "eps_diluted_growth": [
                    -1.3888,
                    2.7857,
                    1.0,
                    0.24,
                    0.4032,
                    0.0229,
                    0.3146,
                    0.1196,
                    -0.1984,
                    0.2666,
                    -0.1203,
                    0.2735,
                    0.2483,
                    -0.1989,
                    0.1744,
                    0.2057,
                    -0.0995,
                    -0.9894,
                    129.5,
                    0.0114
                ],
                "fcf": [
                    4121000000,
                    26602000000,
                    4602000000,
                    6349000000,
                    6876000000,
                    7127000000,
                    8853000000,
                    10821000000,
                    8892000000,
                    9165000000,
                    8905000000,
                    10415000000,
                    11875000000,
                    11289000000,
                    11347000000,
                    12465000000,
                    12919000000,
                    12891000000,
                    14944000000,
                    14835000000
                ],
                "fcf_growth": [
                    -0.1847,
                    5.4552,
                    -0.827,
                    0.3796,
                    0.083,
                    0.0365,
                    0.2421,
                    0.2222,
                    -0.1782,
                    0.0307,
                    -0.0283,
                    0.1695,
                    0.1401,
                    -0.0493,
                    0.0051,
                    0.0985,
                    0.0364,
                    -0.0021,
                    0.1592,
                    -0.0072
                ],
                "income_tax": [
                    -140000000,
                    -817000000,
                    -1435000000,
                    -2024000000,
                    -2295000000,
                    -2053000000,
                    -2128000000,
                    -2203000000,
                    -1559000000,
                    -1648000000,
                    -1335000000,
                    -2118000000,
                    -1244000000,
                    -1862000000,
                    -2220000000,
                    -2181000000,
                    -2678000000,
                    -12929000000,
                    -2950000000,
                    -2756000000
                ],
                "lt_debt": [
                    0,
                    0,
                    0,
                    0,
                    0,
                    6332000000,
                    6408000000,
                    6393000000,
                    10295000000,
                    12188000000,
                    16234000000,
                    16297000000,
                    12928000000,
                    20337000000,
                    21457000000,
                    24483000000,
                    25725000000,
                    20331000000,
                    14475000000,
                    11578000000
                ],
                "market_cap": [
                    140767280000,
                    96326570000,
                    136391020000,
                    140896200000,
                    121238650000,
                    108334920000,
                    176351000000,
                    129587070000,
                    127327850000,
                    130460850000,
                    86796950000,
                    84503100000,
                    137904510000,
                    128849610000,
                    144515700000,
                    153535370000,
                    156715350000,
                    195126060000,
                    235450000000,
                    199562700000
                ],
                "operating_income": [
                    -834000000,
                    2919000000,
                    4882000000,
                    6292000000,
                    7416000000,
                    6996000000,
                    8621000000,
                    9442000000,
                    7322000000,
                    9164000000,
                    8473000000,
                    10369000000,
                    11301000000,
                    9763000000,
                    11254000000,
                    12928000000,
                    12729000000,
                    12667000000,
                    14541000000,
                    14101000000
                ],
                "period_end_date": [
                    "2001-07",
                    "2002-07",
                    "2003-07",
                    "2004-07",
                    "2005-07",
                    "2006-07",
                    "2007-07",
                    "2008-07",
                    "2009-07",
                    "2010-07",
                    "2011-07",
                    "2012-07",
                    "2013-07",
                    "2014-07",
                    "2015-07",
                    "2016-07",
                    "2017-07",
                    "2018-07",
                    "2019-07",
                    "2020-07"
                ],
                "pretax_income": [
                    -874000000,
                    2710000000,
                    5013000000,
                    6992000000,
                    8036000000,
                    7633000000,
                    9461000000,
                    10255000000,
                    7693000000,
                    9415000000,
                    7825000000,
                    10159000000,
                    11227000000,
                    9715000000,
                    11201000000,
                    12920000000,
                    12287000000,
                    13039000000,
                    14571000000,
                    13970000000
                ],
                "price_to_earnings": [
                    -138.8237,
                    50.8856,
                    38.1193,
                    32.0145,
                    21.118,
                    19.4148,
                    24.0489,
                    16.0937,
                    20.7577,
                    16.7968,
                    13.3739,
                    10.509,
                    13.8139,
                    16.4076,
                    16.0912,
                    14.2969,
                    16.3092,
                    1773.8732,
                    20.2607,
                    17.7958
                ],
                "revenue": [
                    22293000000,
                    18915000000,
                    18878000000,
                    22045000000,
                    24801000000,
                    28484000000,
                    34922000000,
                    39540000000,
                    36117000000,
                    40040000000,
                    43218000000,
                    46061000000,
                    48607000000,
                    47142000000,
                    49161000000,
                    49247000000,
                    48005000000,
                    49330000000,
                    51904000000,
                    49301000000
                ],
                "revenue_growth": [
                    0.1777,
                    -0.1515,
                    -0.0019,
                    0.1677,
                    0.125,
                    0.1485,
                    0.226,
                    0.1322,
                    -0.0865,
                    0.1086,
                    0.0793,
                    0.0657,
                    0.0552,
                    -0.0301,
                    0.0428,
                    0.0017,
                    -0.0252,
                    0.0276,
                    0.0521,
                    -0.0501
                ],
                "roic": [
                    -0.0454,
                    0.0912,
                    0.1651,
                    0.1896,
                    0.2818,
                    0.2457,
                    0.2398,
                    0.2289,
                    0.1544,
                    0.158,
                    0.1164,
                    0.1407,
                    0.1593,
                    0.1136,
                    0.1205,
                    0.1319,
                    0.1112,
                    0.0014,
                    0.2185,
                    0.2572
                ],
                "shares_diluted": [
                    7196000000,
                    7447000000,
                    7223000000,
                    7057000000,
                    6612000000,
                    6272000000,
                    6265000000,
                    6163000000,
                    5857000000,
                    5848000000,
                    5563000000,
                    5404000000,
                    5380000000,
                    5281000000,
                    5146000000,
                    5088000000,
                    5049000000,
                    4881000000,
                    4453000000,
                    4254000000
                ],
                "st_debt": [
                    0,
                    0,
                    0,
                    0,
                    0,
                    0,
                    0,
                    500000000,
                    0,
                    3096000000,
                    588000000,
                    31000000,
                    3283000000,
                    508000000,
                    3897000000,
                    4160000000,
                    7992000000,
                    5238000000,
                    10191000000,
                    3005000000
                ],
                "total_assets": [
                    35238000000,
                    37795000000,
                    37107000000,
                    35594000000,
                    33883000000,
                    43315000000,
                    53340000000,
                    58734000000,
                    68128000000,
                    81130000000,
                    87095000000,
                    91759000000,
                    101191000000,
                    105070000000,
                    113373000000,
                    121652000000,
                    129818000000,
                    108784000000,
                    97793000000,
                    94853000000
                ],
                "total_equity": [
                    27142000000,
                    28671000000,
                    28039000000,
                    25916000000,
                    23184000000,
                    23918000000,
                    31490000000,
                    34402000000,
                    38677000000,
                    44285000000,
                    47259000000,
                    51301000000,
                    59128000000,
                    56661000000,
                    59707000000,
                    63585000000,
                    66137000000,
                    43204000000,
                    33571000000,
                    37920000000
                ],
                "total_equity_growth": [
                    0.0226,
                    0.0563,
                    -0.022,
                    -0.0757,
                    -0.1054,
                    0.0316,
                    0.3165,
                    0.0924,
                    0.1242,
                    0.1449,
                    0.0671,
                    0.0855,
                    0.1525,
                    -0.0417,
                    0.0537,
                    0.0649,
                    0.0401,
                    -0.3467,
                    -0.2229,
                    0.1295
                ]
            }
        }
    }
}