{
    "data": {
        "financials": {
            "annual": {
                "book_value_per_share": [
                    49.2152,
                    38.5194,
                    40.3471,
                    49.0505,
                    58.2868,
                    59.5308,
                    72.4765,
                    83.126,
                    64.9629,
                    67.096,
                    63.0865,
                    61.4625,
                    64.3209,
                    67.3065,
                    63.442,
                    67.4127,
                    67.3198,
                    77.5712,
                    75.7631,
                    77.258
                ],
                "cf_cfo": [
                    176882000,
                    -9393000,
                    464507000,
                    569291000,
                    617124000,
                    374112000,
                    306575000,
                    712105000,
                    239753000,
                    64311000,
                    167955000,
                    130878000,
                    100011000,
                    391901000,
                    255452000,
                    289644000,
                    247262000,
                    325828000,
                    186586000,
                    306936000
                ],
                "cfi_ppe_net": [
                    -247101000,
                    -169944000,
                    -120990000,
                    -128903000,
                    -194358000,
                    -178840000,
                    -148900000,
                    -158789000,
                    -125083000,
                    -65997000,
                    -64068000,
                    -72576000,
                    -72281000,
                    -49248000,
                    -39495000,
                    -56220000,
                    -11079000,
                    -53495000,
                    -64007000,
                    -46875000
                ],
                "cfo_growth": [
                    -0.5872,
                    -1.0531,
                    50.4524,
                    0.2255,
                    0.084,
                    -0.3937,
                    -0.1805,
                    1.3227,
                    -0.6633,
                    -0.7317,
                    1.6116,
                    -0.2207,
                    -0.2358,
                    2.9185,
                    -0.3481,
                    0.1338,
                    -0.1463,
                    0.3177,
                    -0.4273,
                    0.645
                ],
                "eps_diluted": [
                    1.95,
                    -7.0,
                    1.69,
                    4.72,
                    7.26,
                    7.19,
                    7.7,
                    4.38,
                    -8.54,
                    -8.33,
                    2.33,
                    1.05,
                    4.65,
                    5.8,
                    8.2,
                    10.4,
                    6.31,
                    7.34,
                    7.92,
                    6.7
                ],
                "eps_diluted_growth": [
                    -0.074,
                    -4.5891,
                    1.2417,
                    1.7868,
                    0.5388,
                    -0.009,
                    0.0697,
                    -0.4309,
                    -2.95,
                    0.025,
                    1.2807,
                    -0.5498,
                    3.4245,
                    0.2468,
                    0.4122,
                    0.2682,
                    -0.3932,
                    0.1629,
                    0.0795,
                    -0.1535
                ],
                "fcf": [
                    -70219000,
                    -179337000,
                    343517000,
                    440388000,
                    422766000,
                    195272000,
                    157675000,
                    553316000,
                    114670000,
                    -1686000,
                    103887000,
                    58302000,
                    27730000,
                    342653000,
                    215957000,
                    233424000,
                    236183000,
                    272333000,
                    122579000,
                    260061000
                ],
                "fcf_growth": [
                    -1.6505,
                    -1.5539,
                    2.9154,
                    0.2819,
                    -0.04,
                    -0.5381,
                    -0.1925,
                    2.5092,
                    -0.7927,
                    -1.0147,
                    62.6174,
                    -0.4387,
                    -0.5243,
                    11.3567,
                    -0.3697,
                    0.0808,
                    0.0118,
                    0.153,
                    -0.5498,
                    1.1215
                ],
                "income_tax": [
                    -18954000,
                    71799000,
                    -32430000,
                    -72165000,
                    -99027000,
                    -120765000,
                    -127776000,
                    -137054000,
                    -4282000,
                    -67529000,
                    -62280000,
                    24119000,
                    -73557000,
                    -67794000,
                    -64729000,
                    -83856000,
                    -44679000,
                    -47611000,
                    -65087000,
                    -93371000
                ],
                "lt_debt": [
                    1063833000,
                    1022966000,
                    1231271000,
                    1403576000,
                    1084564000,
                    847987000,
                    404656000,
                    207928000,
                    719943000,
                    970059000,
                    1384007000,
                    1314689000,
                    785354000,
                    439713000,
                    639921000,
                    682120000,
                    628987000,
                    532906000,
                    530733000,
                    351518000
                ],
                "market_cap": [
                    0,
                    0,
                    0,
                    0,
                    0,
                    0,
                    0,
                    0,
                    0,
                    2097370800,
                    2406565860,
                    1923084050,
                    2100793900,
                    3186291680,
                    4963891960,
                    5159410240,
                    3458473200,
                    3669331680,
                    3177528000,
                    3376574400
                ],
                "operating_income": [
                    147360000,
                    -14741000,
                    150935000,
                    253337000,
                    370911000,
                    367623000,
                    409978000,
                    634998000,
                    299882000,
                    7716000,
                    354489000,
                    109924000,
                    211596000,
                    259685000,
                    305354000,
                    373403000,
                    271316000,
                    278820000,
                    272277000,
                    269943000
                ],
                "period_end_date": [
                    "2001-03",
                    "2002-03",
                    "2003-03",
                    "2004-03",
                    "2005-03",
                    "2006-03",
                    "2007-03",
                    "2008-03",
                    "2009-03",
                    "2010-03",
                    "2011-03",
                    "2012-03",
                    "2013-03",
                    "2014-03",
                    "2015-03",
                    "2016-03",
                    "2017-03",
                    "2018-03",
                    "2019-03",
                    "2020-03"
                ],
                "pretax_income": [
                    75725000,
                    -265708000,
                    81003000,
                    207675000,
                    314410000,
                    338265000,
                    352917000,
                    237087000,
                    -296847000,
                    -325830000,
                    126557000,
                    8670000,
                    199873000,
                    224322000,
                    284232000,
                    360076000,
                    207720000,
                    232086000,
                    264242000,
                    256726000
                ],
                "price_to_earnings": [
                    0.0,
                    0.0,
                    0.0,
                    0.0,
                    0.0,
                    0.0,
                    0.0,
                    0.0,
                    0.0,
                    -9.074,
                    34.581,
                    62.0449,
                    16.7642,
                    20.3942,
                    22.6373,
                    18.6786,
                    21.2122,
                    19.8906,
                    15.9549,
                    20.6701
                ],
                "revenue": [
                    3653595000,
                    2915848000,
                    3712004000,
                    4824445000,
                    5311004000,
                    4948157000,
                    5293954000,
                    6183739000,
                    5293914000,
                    4717189000,
                    4184820000,
                    3657997000,
                    3141954000,
                    3144055000,
                    2810668000,
                    3119213000,
                    2844695000,
                    2968406000,
                    2682648000,
                    2607570000
                ],
                "revenue_growth": [
                    -0.0534,
                    -0.2019,
                    0.273,
                    0.2996,
                    0.1008,
                    -0.0683,
                    0.0698,
                    0.168,
                    -0.1438,
                    -0.1089,
                    -0.1128,
                    -0.1258,
                    -0.141,
                    0.0006,
                    -0.106,
                    0.1097,
                    -0.088,
                    0.0434,
                    -0.0962,
                    -0.0279
                ],
                "roic": [
                    0.0198,
                    -0.0888,
                    0.0235,
                    0.0588,
                    0.0841,
                    0.0707,
                    0.0618,
                    0.0401,
                    -0.0953,
                    -0.0907,
                    0.0249,
                    0.011,
                    0.0514,
                    0.076,
                    0.1283,
                    0.1563,
                    0.0862,
                    0.0943,
                    0.1027,
                    0.0891
                ],
                "shares_diluted": [
                    27601000,
                    27149000,
                    28095000,
                    27671000,
                    28160000,
                    28124000,
                    27848000,
                    27606000,
                    29099000,
                    27742000,
                    29749000,
                    29447000,
                    26899000,
                    26895000,
                    26729000,
                    26548000,
                    25828000,
                    25126000,
                    25128000,
                    24349000
                ],
                "st_debt": [
                    230460000,
                    592823000,
                    255335000,
                    398412000,
                    382844000,
                    1294533000,
                    1549096000,
                    263468000,
                    277288000,
                    179637000,
                    303747000,
                    46286000,
                    415743000,
                    401927000,
                    2077000,
                    2302000,
                    19085000,
                    157525000,
                    92087000,
                    233924000
                ],
                "total_assets": [
                    3669668000,
                    3427595000,
                    3868264000,
                    4571127000,
                    4709955000,
                    4280094000,
                    4481349000,
                    4484439000,
                    4543999000,
                    4739875000,
                    4929220000,
                    4440769000,
                    3897035000,
                    3585751000,
                    3111903000,
                    3262627000,
                    3112495000,
                    3434361000,
                    3216809000,
                    3103078000
                ],
                "total_equity": [
                    1358389000,
                    1045765000,
                    1133552000,
                    1357278000,
                    1641358000,
                    1674247000,
                    2018327000,
                    2294777000,
                    1890358000,
                    1861379000,
                    1876762000,
                    1809887000,
                    1730168000,
                    1810210000,
                    1695742000,
                    1789675000,
                    1738736000,
                    1949055000,
                    1903777000,
                    1881156000
                ],
                "total_equity_growth": [
                    -0.1636,
                    -0.2301,
                    0.0839,
                    0.1973,
                    0.2093,
                    0.02,
                    0.2055,
                    0.1369,
                    -0.1762,
                    -0.0153,
                    0.0082,
                    -0.0356,
                    -0.044,
                    0.0462,
                    -0.0632,
                    0.0553,
                    -0.0284,
                    0.1209,
                    -0.0232,
                    -0.0118
                ]
            }
        }
    }
}