{
    "data": {
        "financials": {
            "annual": {
                "book_value_per_share": [
                    36.8623,
                    26.9405,
                    7.2439,
                    -5.3387,
                    -45.628,
                    -61.2632,
                    -69.1808,
                    29.6308,
                    1.8675,
                    0.2962,
                    1.064,
                    -1.654,
                    -2.507,
                    13.5699,
                    10.4295,
                    13.495,
                    16.2741,
                    17.3305,
                    19.7219,
                    23.5191
                ],
                "cf_cfo": [
                    2378000000,
                    236000000,
                    285000000,
                    453000000,
                    -1123000000,
                    -307000000,
                    993000000,
                    1359000000,
                    -1707000000,
                    1379000000,
                    2832000000,
                    2834000000,
                    2476000000,
                    4504000000,
                    4947000000,
                    7927000000,
                    7215000000,
                    5023000000,
                    7014000000,
                    8425000000
                ],
                "cfi_ppe_net": [
                    -3033000000,
                    -2727000000,
                    -1186000000,
                    -729000000,
                    -526000000,
                    -389000000,
                    -373000000,
                    -931000000,
                    -1368000000,
                    -1102000000,
                    -1306000000,
                    -1254000000,
                    -1968000000,
                    -2521000000,
                    -2249000000,
                    -2945000000,
                    -3165000000,
                    -3891000000,
                    -5168000000,
                    -4936000000
                ],
                "cfo_growth": [
                    -0.1903,
                    -0.9007,
                    0.2076,
                    0.5894,
                    -3.479,
                    0.7266,
                    4.2345,
                    0.3685,
                    -2.256,
                    1.8078,
                    1.0536,
                    0.0007,
                    -0.1263,
                    0.819,
                    0.0983,
                    0.6023,
                    -0.0898,
                    -0.3038,
                    0.3963,
                    0.2011
                ],
                "eps_diluted": [
                    8.15,
                    -9.99,
                    -10.44,
                    -6.4,
                    -41.07,
                    -23.75,
                    -31.58,
                    2.11,
                    -19.08,
                    -1.5,
                    0.7,
                    1.01,
                    1.19,
                    12.29,
                    0.78,
                    5.63,
                    5.55,
                    4.43,
                    5.67,
                    7.3
                ],
                "eps_diluted_growth": [
                    0.1319,
                    -2.2257,
                    -0.045,
                    0.3869,
                    -5.4171,
                    0.4217,
                    -0.3296,
                    1.0668,
                    -10.0426,
                    0.9213,
                    1.4666,
                    0.4428,
                    0.1782,
                    9.3277,
                    -0.9365,
                    6.2179,
                    -0.0142,
                    -0.2018,
                    0.2799,
                    0.2874
                ],
                "fcf": [
                    -655000000,
                    -2491000000,
                    -901000000,
                    -276000000,
                    -1649000000,
                    -696000000,
                    620000000,
                    428000000,
                    -3075000000,
                    277000000,
                    1526000000,
                    1580000000,
                    508000000,
                    1983000000,
                    2698000000,
                    4982000000,
                    4050000000,
                    1132000000,
                    1846000000,
                    3489000000
                ],
                "fcf_growth": [
                    -6.5508,
                    -2.803,
                    0.6382,
                    0.6936,
                    -4.9746,
                    0.5779,
                    1.8908,
                    -0.3096,
                    -8.1845,
                    1.09,
                    4.509,
                    0.0353,
                    -0.6784,
                    2.9035,
                    0.3605,
                    0.8465,
                    -0.187,
                    -0.7204,
                    0.6307,
                    0.89
                ],
                "income_tax": [
                    -831000000,
                    648000000,
                    730000000,
                    416000000,
                    -1206000000,
                    41000000,
                    765000000,
                    -207000000,
                    119000000,
                    344000000,
                    -15000000,
                    85000000,
                    -16000000,
                    8013000000,
                    -413000000,
                    -2631000000,
                    -2158000000,
                    -2295000000,
                    -1216000000,
                    -1431000000
                ],
                "lt_debt": [
                    4525000000,
                    8279000000,
                    10174000000,
                    11538000000,
                    13005000000,
                    6557000000,
                    6509000000,
                    7986000000,
                    15411000000,
                    15665000000,
                    13179000000,
                    11847000000,
                    11082000000,
                    9795000000,
                    8477000000,
                    6766000000,
                    6201000000,
                    6592000000,
                    8253000000,
                    8873000000
                ],
                "market_cap": [
                    0,
                    0,
                    0,
                    0,
                    0,
                    0,
                    0,
                    4351245140,
                    8000650020,
                    8921407900,
                    10517522400,
                    6838040140,
                    10106141740,
                    23389139210,
                    40594441020,
                    39476560960,
                    35945002220,
                    39603088000,
                    33929205600,
                    37589306560
                ],
                "operating_income": [
                    11706000000,
                    -1602000000,
                    -1309000000,
                    -785000000,
                    -3308000000,
                    -2001000000,
                    58000000,
                    3038000000,
                    1195000000,
                    1641000000,
                    2667000000,
                    2217000000,
                    2627000000,
                    3802000000,
                    2922000000,
                    7802000000,
                    6996000000,
                    5966000000,
                    5264000000,
                    6618000000
                ],
                "period_end_date": [
                    "2000-06",
                    "2001-12",
                    "2002-12",
                    "2003-12",
                    "2004-12",
                    "2005-12",
                    "2006-12",
                    "2007-12",
                    "2008-12",
                    "2009-12",
                    "2010-12",
                    "2011-12",
                    "2012-12",
                    "2013-12",
                    "2014-12",
                    "2015-12",
                    "2016-12",
                    "2017-12",
                    "2018-12",
                    "2019-12"
                ],
                "pretax_income": [
                    2093000000,
                    -1864000000,
                    -2002000000,
                    -1189000000,
                    -3992000000,
                    -3859000000,
                    -6968000000,
                    1819000000,
                    -9041000000,
                    -1581000000,
                    608000000,
                    769000000,
                    1025000000,
                    2527000000,
                    1072000000,
                    7157000000,
                    6353000000,
                    5500000000,
                    5151000000,
                    6198000000
                ],
                "price_to_earnings": [
                    0.0,
                    0.0,
                    0.0,
                    0.0,
                    0.0,
                    0.0,
                    0.0,
                    2.6992,
                    -0.8967,
                    -7.2121,
                    17.7361,
                    8.007,
                    10.0159,
                    2.219,
                    61.6,
                    8.7221,
                    8.5685,
                    12.3566,
                    8.6224,
                    7.8853
                ],
                "revenue": [
                    14883000000,
                    13879000000,
                    13866000000,
                    14308000000,
                    15235000000,
                    16480000000,
                    17532000000,
                    19154000000,
                    22697000000,
                    28063000000,
                    31755000000,
                    35115000000,
                    36670000000,
                    37773000000,
                    40362000000,
                    40704000000,
                    39450000000,
                    41138000000,
                    44438000000,
                    47007000000
                ],
                "revenue_growth": [
                    0.0195,
                    -0.0674,
                    -0.0009,
                    0.0318,
                    0.0647,
                    0.0817,
                    0.0638,
                    0.0925,
                    0.1849,
                    0.2364,
                    0.1315,
                    0.1058,
                    0.0442,
                    0.03,
                    0.0685,
                    0.0084,
                    -0.0308,
                    0.0427,
                    0.0802,
                    0.0578
                ],
                "roic": [
                    0.1625,
                    -0.1224,
                    -0.1156,
                    -0.0704,
                    -0.5747,
                    -1.9726,
                    1.1326,
                    0.2897,
                    -0.488,
                    -0.0806,
                    0.0454,
                    0.0742,
                    0.1127,
                    0.7447,
                    0.036,
                    0.2694,
                    0.2463,
                    0.176,
                    0.1665,
                    0.1683
                ],
                "shares_diluted": [
                    138000000,
                    123123000,
                    123276000,
                    123438000,
                    127027000,
                    161516000,
                    196485000,
                    341300000,
                    468000000,
                    827000000,
                    843000000,
                    844000000,
                    850000000,
                    858000000,
                    845000000,
                    804000000,
                    755000000,
                    723000000,
                    694000000,
                    653000000
                ],
                "st_debt": [
                    569000000,
                    1025000000,
                    0,
                    0,
                    0,
                    0,
                    1503000000,
                    3291000000,
                    5792000000,
                    1533000000,
                    2073000000,
                    1944000000,
                    1627000000,
                    1547000000,
                    1184000000,
                    1563000000,
                    1131000000,
                    2242000000,
                    1518000000,
                    2287000000
                ],
                "total_assets": [
                    20566000000,
                    23605000000,
                    24720000000,
                    25939000000,
                    21801000000,
                    20039000000,
                    19622000000,
                    32423000000,
                    45084000000,
                    43789000000,
                    43188000000,
                    43499000000,
                    44550000000,
                    52252000000,
                    54005000000,
                    53134000000,
                    51261000000,
                    53671000000,
                    60266000000,
                    64532000000
                ],
                "total_equity": [
                    5087000000,
                    3769000000,
                    893000000,
                    -659000000,
                    -5796000000,
                    -9895000000,
                    -13593000000,
                    10113000000,
                    874000000,
                    245000000,
                    897000000,
                    -1396000000,
                    -2131000000,
                    11643000000,
                    8813000000,
                    10850000000,
                    12287000000,
                    12530000000,
                    13687000000,
                    15358000000
                ],
                "total_equity_growth": [
                    0.1436,
                    -0.259,
                    -0.763,
                    -1.7379,
                    -7.7951,
                    -0.7072,
                    -0.3737,
                    1.7439,
                    -0.9135,
                    -0.7196,
                    2.6612,
                    -2.5562,
                    -0.5265,
                    6.4636,
                    -0.243,
                    0.2311,
                    0.1324,
                    0.0197,
                    0.0923,
                    0.122
                ]
            }
        }
    }
}