{
  "data": {
    "financials": {
      "annual": {
        "period_end_date": [
          "2000-12",
          "2001-12",
          "2002-12",
          "2003-12",
          "2004-12",
          "2005-12",
          "2006-12",
          "2007-12",
          "2008-12",
          "2009-12",
          "2010-12",
          "2011-12",
          "2012-12",
          "2013-12",
          "2014-12",
          "2015-12",
          "2016-12",
          "2017-12",
          "2018-12",
          "2019-12"
        ],
        "operating_income": [
          175043000,
          145168000,
          207152000,
          261213000,
          307804000,
          297497000,
          324894000,
          384335000,
          370177000,
          336780000,
          425909000,
          576017000,
          660820000,
          698304000,
          579686000,
          703232000,
          736803000,
          888166000,
          914334000,
          936333000
        ],
        "income_tax": [
          -77562000,
          -78494000,
          -80987000,
          -94403000,
          -108284000,
          -107684000,
          -93540000,
          -137402000,
          -110800000,
          -82875000,
          -131351000,
          -182257000,
          -236516000,
          -227173000,
          -189028000,
          -247425000,
          -220772000,
          -273728000,
          -250739000,
          -232889000
        ],
        "pretax_income": [
          170992000,
          157722000,
          209966000,
          262071000,
          318044000,
          316374000,
          330987000,
          395004000,
          382242000,
          330708000,
          423278000,
          564495000,
          681173000,
          713707000,
          549633000,
          689637000,
          697784000,
          889231000,
          891695000,
          906556000
        ],
        "st_debt": [
          6183000,
          6865000,
          7627000,
          13154000,
          0,
          0,
          0,
          0,
          0,
          0,
          35306000,
          301239000,
          33499000,
          27451000,
          12311000,
          0,
          0,
          0,
          398180000,
          4889000
        ],
        "lt_debt": [
          0,
          0,
          0,
          0,
          0,
          0,
          264201000,
          291121000,
          270270000,
          291545000,
          388120000,
          95204000,
          50248000,
          493177000,
          431566000,
          1089325000,
          1054852000,
          1183432000,
          739477000,
          5107556000
        ],
        "total_equity": [
          419547000,
          491834000,
          641009000,
          807540000,
          1022418000,
          1174554000,
          1467667000,
          1627671000,
          1771018000,
          2111899000,
          2370115000,
          2741657000,
          3088150000,
          3594727000,
          3649203000,
          3799235000,
          4095813000,
          4729112000,
          5262571000,
          5847333000
        ],
        "total_assets": [
          660946000,
          742313000,
          938834000,
          1184263000,
          1472304000,
          1675260000,
          2451832000,
          2705958000,
          2894655000,
          3352344000,
          4063272000,
          4627347000,
          4740717000,
          5736840000,
          6118846000,
          6875196000,
          7323909000,
          8319290000,
          9071672000,
          15414000000
        ],
        "shares_diluted": [
          239142000,
          233765000,
          232155000,
          228768000,
          230938000,
          236308000,
          238356000,
          239270000,
          238506000,
          237055000,
          242470000,
          247959000,
          251817000,
          255192000,
          255286000,
          256592000,
          257399000,
          258302000,
          260753000,
          263199000
        ],
        "book_value_per_share": [
          1.7543,
          2.1039,
          2.7611,
          3.5299,
          4.4272,
          4.9704,
          6.1574,
          6.8026,
          7.4254,
          8.9088,
          9.7748,
          11.0568,
          12.2634,
          14.0863,
          14.2945,
          14.8065,
          15.9123,
          18.3084,
          20.1822,
          22.2163
        ],
        "eps_diluted": [
          0.39,
          0.33,
          0.55,
          0.72,
          0.9,
          0.88,
          0.99,
          1.07,
          1.13,
          1.04,
          1.2,
          1.53,
          1.74,
          1.89,
          1.4,
          1.71,
          1.83,
          2.37,
          2.48,
          2.6
        ],
        "revenue": [
          569743000,
          666089000,
          789822000,
          926820000,
          1066975000,
          1107714000,
          1529454000,
          1832386000,
          1803758000,
          1824117000,
          2068570000,
          2346109000,
          2661866000,
          2830305000,
          2828952000,
          3093088000,
          3223192000,
          3820118000,
          3956086000,
          4464667000
        ],
        "cf_cfo": [
          111163000,
          142125000,
          145661000,
          217792000,
          279796000,
          233192000,
          343198000,
          453205000,
          417593000,
          434303000,
          540156000,
          593241000,
          743173000,
          694311000,
          615848000,
          689827000,
          655846000,
          881657000,
          1022298000,
          1317889000
        ],
        "cfi_ppe_net": [
          -19200000,
          -20369000,
          -20621000,
          -23619000,
          -35899000,
          -51195000,
          -34149000,
          -43847000,
          -23752000,
          -23101000,
          -47645000,
          -93892000,
          -53315000,
          -58068000,
          -55972000,
          -47472000,
          -59763000,
          -100000000,
          -82366000,
          -109222000
        ],
        "price_to_earnings": [
          80.3651,
          68.6277,
          19.471,
          31.0862,
          27.4146,
          31.2622,
          25.7647,
          26.87,
          19.8729,
          27.3439,
          31.8257,
          26.0156,
          31.9681,
          32.4128,
          42.7363,
          46.4415,
          41.0773,
          44.1683,
          46.8527,
          62.434
        ],
        "roic": [
          0.3739,
          0.421,
          0.565,
          0.5676,
          0.6147,
          0.3525,
          0.2372,
          0.2291,
          0.268,
          0.2466,
          0.2297,
          0.2419,
          0.2651,
          0.2817,
          0.1594,
          0.1692,
          0.1875,
          0.2191,
          0.2062,
          0.1066
        ],
        "market_cap": [
          7508516940,
          5437373900,
          2511396320,
          5168931530,
          5743942520,
          6501976020,
          6119628630,
          6910440420,
          5384471250,
          6765886300,
          9284362900,
          9899098850,
          14046737250,
          15641601250,
          15347173000,
          20346157650,
          19377102800,
          27149209120,
          30350352240,
          42684093620
        ],
        "fcf": [
          91963000,
          121756000,
          125040000,
          194173000,
          243897000,
          181997000,
          309049000,
          409358000,
          393841000,
          411202000,
          492511000,
          499349000,
          689858000,
          636243000,
          559876000,
          642355000,
          596083000,
          781657000,
          939932000,
          1208667000
        ],
        "fcf_growth": [
          -0.0353,
          0.3239,
          0.0269,
          0.5528,
          0.256,
          -0.2537,
          0.698,
          0.3245,
          -0.0379,
          0.044,
          0.1977,
          0.0138,
          0.3815,
          -0.0777,
          -0.12,
          0.1473,
          -0.072,
          0.3113,
          0.2024,
          0.2859
        ],
        "total_equity_growth": [
          0.1495,
          0.1722,
          0.3033,
          0.2597,
          0.266,
          0.1488,
          0.2495,
          0.109,
          0.088,
          0.1924,
          0.1222,
          0.1567,
          0.1263,
          0.164,
          0.0151,
          0.0411,
          0.078,
          0.1546,
          0.1128,
          0.1111
        ],
        "cfo_growth": [
          -0.0518,
          0.2785,
          0.0248,
          0.4951,
          0.2846,
          -0.1665,
          0.4717,
          0.3205,
          -0.0785,
          0.04,
          0.2437,
          0.0982,
          0.2527,
          -0.0657,
          -0.113,
          0.1201,
          -0.0492,
          0.3443,
          0.1595,
          0.2891
        ],
        "eps_diluted_growth": [
          -0.1073,
          -0.1329,
          0.6401,
          0.3075,
          0.2475,
          -0.0297,
          0.1318,
          0.0813,
          0.0538,
          -0.0819,
          0.1554,
          0.2732,
          0.1382,
          0.083,
          -0.256,
          0.2162,
          0.073,
          0.2964,
          0.0424,
          0.0483
        ],
        "revenue_growth": [
          0.1179,
          0.1691,
          0.1857,
          0.1734,
          0.1512,
          0.0381,
          0.3807,
          0.198,
          -0.0156,
          0.0112,
          0.134,
          0.1341,
          0.1345,
          0.0632,
          -0.0004,
          0.0933,
          0.042,
          0.1851,
          0.0355,
          0.1285
        ]
      }
    }
  }
}