{
    "data": {
        "financials": {
            "annual": {
                "book_value_per_share": [
                    3.7621,
                    4.3536,
                    6.1058,
                    8.6948,
                    11.0345,
                    10.8917,
                    12.7192,
                    13.8184,
                    9.7937,
                    8.3969,
                    7.7696,
                    7.3154,
                    7.2428,
                    7.6645,
                    9.3415,
                    10.2909,
                    12.9299,
                    14.7275,
                    17.4215,
                    25.2915
                ],
                "cf_cfo": [
                    193939000,
                    284971000,
                    714000000,
                    669000000,
                    634000000,
                    596000000,
                    397000000,
                    338000000,
                    12000000,
                    152000000,
                    320000000,
                    277000000,
                    324000000,
                    712000000,
                    1067000000,
                    1465000000,
                    1578000000,
                    1692000000,
                    1547000000,
                    1797000000
                ],
                "cfi_ppe_net": [
                    -116213000,
                    -51219000,
                    -58000000,
                    -89000000,
                    -110000000,
                    -121000000,
                    -176000000,
                    -84000000,
                    -115000000,
                    -233000000,
                    -59000000,
                    -146000000,
                    -106000000,
                    -97000000,
                    -95000000,
                    -93000000,
                    -123000000,
                    -107000000,
                    -119000000,
                    -140000000
                ],
                "cfo_growth": [
                    3.2778,
                    0.4693,
                    1.5055,
                    -0.063,
                    -0.0523,
                    -0.0599,
                    -0.3338,
                    -0.1486,
                    -0.9644,
                    11.6666,
                    1.1052,
                    -0.1343,
                    0.1696,
                    1.1975,
                    0.4985,
                    0.373,
                    0.0771,
                    0.0722,
                    -0.0856,
                    0.1616
                ],
                "eps_diluted": [
                    -0.04,
                    0.35,
                    1.08,
                    1.87,
                    1.59,
                    0.75,
                    0.24,
                    -1.45,
                    -3.4,
                    -2.08,
                    -0.84,
                    0.23,
                    0.31,
                    0.03,
                    2.69,
                    3.5,
                    3.08,
                    3.34,
                    3.33,
                    10.3
                ],
                "eps_diluted_growth": [
                    -1.0909,
                    9.875,
                    2.0422,
                    0.7314,
                    -0.1497,
                    -0.5283,
                    -0.68,
                    -7.0416,
                    -1.3448,
                    0.3882,
                    0.5961,
                    1.2738,
                    0.3478,
                    -0.9032,
                    88.6666,
                    0.3011,
                    -0.12,
                    0.0844,
                    -0.0029,
                    2.093
                ],
                "fcf": [
                    77726000,
                    233752000,
                    656000000,
                    580000000,
                    524000000,
                    475000000,
                    221000000,
                    254000000,
                    -103000000,
                    -81000000,
                    261000000,
                    131000000,
                    218000000,
                    615000000,
                    972000000,
                    1372000000,
                    1455000000,
                    1585000000,
                    1428000000,
                    1657000000
                ],
                "fcf_growth": [
                    1.9684,
                    2.0073,
                    1.8063,
                    -0.1158,
                    -0.0965,
                    -0.0935,
                    -0.5347,
                    0.1493,
                    -1.4055,
                    0.2135,
                    4.2222,
                    -0.498,
                    0.6641,
                    1.8211,
                    0.5804,
                    0.4115,
                    0.0604,
                    0.0893,
                    -0.099,
                    0.1603
                ],
                "income_tax": [
                    4163000,
                    -45969000,
                    -143000000,
                    -220000000,
                    -221000000,
                    -147000000,
                    -66000000,
                    53000000,
                    -233000000,
                    29000000,
                    3000000,
                    58000000,
                    -41000000,
                    1000000,
                    -50000000,
                    279000000,
                    -243000000,
                    -406000000,
                    -60000000,
                    1531000000
                ],
                "lt_debt": [
                    0,
                    0,
                    0,
                    0,
                    0,
                    0,
                    0,
                    0,
                    0,
                    0,
                    0,
                    539000000,
                    559000000,
                    580000000,
                    0,
                    989000000,
                    990000000,
                    992000000,
                    994000000,
                    397000000
                ],
                "market_cap": [
                    7635168770,
                    8795480000,
                    8465182440,
                    16204383420,
                    16074583200,
                    16689600000,
                    15685780280,
                    15874560000,
                    5874551450,
                    6157800000,
                    6503490000,
                    5276800000,
                    5345400000,
                    9022110000,
                    18234200000,
                    19899110000,
                    27572160000,
                    37099440000,
                    30285740000,
                    28848960000
                ],
                "operating_income": [
                    39352000,
                    155742000,
                    471000000,
                    785000000,
                    684000000,
                    359000000,
                    57000000,
                    -246000000,
                    -355000000,
                    -544000000,
                    -168000000,
                    62000000,
                    84000000,
                    -3000000,
                    945000000,
                    898000000,
                    1224000000,
                    1434000000,
                    1010000000,
                    1450000000
                ],
                "period_end_date": [
                    "2001-03",
                    "2002-03",
                    "2003-03",
                    "2004-03",
                    "2005-03",
                    "2006-03",
                    "2007-03",
                    "2008-03",
                    "2009-03",
                    "2010-03",
                    "2011-03",
                    "2012-03",
                    "2013-03",
                    "2014-03",
                    "2015-03",
                    "2016-03",
                    "2017-03",
                    "2018-03",
                    "2019-03",
                    "2020-03"
                ],
                "pretax_income": [
                    -15245000,
                    148287000,
                    461000000,
                    797000000,
                    725000000,
                    389000000,
                    138000000,
                    -507000000,
                    -855000000,
                    -706000000,
                    -279000000,
                    18000000,
                    139000000,
                    7000000,
                    925000000,
                    877000000,
                    1210000000,
                    1449000000,
                    1079000000,
                    1508000000
                ],
                "price_to_earnings": [
                    -688.9702,
                    86.6472,
                    26.704,
                    28.0838,
                    31.894,
                    70.7186,
                    206.3918,
                    -34.9659,
                    -5.3994,
                    -9.0957,
                    -23.5633,
                    69.4315,
                    54.5448,
                    1127.7637,
                    20.839,
                    17.2137,
                    28.513,
                    35.5699,
                    29.721,
                    9.4929
                ],
                "revenue": [
                    1322273000,
                    1724675000,
                    2482000000,
                    2957000000,
                    3129000000,
                    2951000000,
                    3091000000,
                    3665000000,
                    4212000000,
                    3654000000,
                    3589000000,
                    4143000000,
                    3797000000,
                    3575000000,
                    4515000000,
                    4396000000,
                    4845000000,
                    5150000000,
                    4950000000,
                    5537000000
                ],
                "revenue_growth": [
                    -0.0688,
                    0.3043,
                    0.4391,
                    0.1913,
                    0.0581,
                    -0.0568,
                    0.0474,
                    0.1857,
                    0.1492,
                    -0.1324,
                    -0.0177,
                    0.1543,
                    -0.0835,
                    -0.0584,
                    0.2629,
                    -0.0263,
                    0.1021,
                    0.0629,
                    -0.0388,
                    0.1185
                ],
                "roic": [
                    -0.0189,
                    0.1972,
                    0.4893,
                    0.8417,
                    0.3628,
                    0.1063,
                    0.0313,
                    -0.1666,
                    -0.5061,
                    -0.456,
                    -0.2261,
                    0.0565,
                    0.0605,
                    0.0058,
                    0.6203,
                    0.6323,
                    0.4259,
                    0.5469,
                    0.6917,
                    0.9638
                ],
                "shares_diluted": [
                    276142000,
                    286284000,
                    293000000,
                    308000000,
                    318000000,
                    314000000,
                    317000000,
                    314000000,
                    320000000,
                    325000000,
                    330000000,
                    336000000,
                    313000000,
                    316000000,
                    325000000,
                    330000000,
                    314000000,
                    312000000,
                    306000000,
                    295000000
                ],
                "st_debt": [
                    0,
                    0,
                    0,
                    0,
                    0,
                    0,
                    0,
                    0,
                    0,
                    0,
                    0,
                    0,
                    0,
                    0,
                    633000000,
                    163000000,
                    0,
                    0,
                    0,
                    599000000
                ],
                "total_assets": [
                    1378918000,
                    1699374000,
                    2360000000,
                    3464000000,
                    4370000000,
                    4386000000,
                    5146000000,
                    6059000000,
                    4678000000,
                    4646000000,
                    4928000000,
                    5491000000,
                    5070000000,
                    5716000000,
                    6147000000,
                    7050000000,
                    7718000000,
                    8584000000,
                    8957000000,
                    11112000000
                ],
                "total_equity": [
                    1038892000,
                    1246392000,
                    1789000000,
                    2678000000,
                    3509000000,
                    3420000000,
                    4032000000,
                    4339000000,
                    3134000000,
                    2729000000,
                    2564000000,
                    2458000000,
                    2267000000,
                    2422000000,
                    3036000000,
                    3396000000,
                    4060000000,
                    4595000000,
                    5331000000,
                    7461000000
                ],
                "total_equity_growth": [
                    0.1206,
                    0.1997,
                    0.4353,
                    0.4969,
                    0.3103,
                    -0.0253,
                    0.1789,
                    0.0761,
                    -0.2777,
                    -0.1292,
                    -0.0604,
                    -0.0413,
                    -0.0777,
                    0.0683,
                    0.2535,
                    0.1185,
                    0.1955,
                    0.1317,
                    0.1601,
                    0.3995
                ]
            }
        }
    }
}