{
    "data": {
        "financials": {
            "annual": {
                "book_value_per_share": [
                    0.2033,
                    0.0,
                    0.2527,
                    1.0617,
                    5.374,
                    16.1509,
                    27.5504,
                    35.9123,
                    44.5117,
                    56.4136,
                    71.5942,
                    88.9346,
                    107.9053,
                    128.8469,
                    151.1636,
                    173.6553,
                    198.9907,
                    216.7502,
                    252.569,
                    288.3691
                ],
                "cf_cfo": [
                    0,
                    0,
                    155265000,
                    395445000,
                    977044000,
                    2459422000,
                    3580508000,
                    5775410000,
                    7852857000,
                    9316000000,
                    11081000000,
                    14565000000,
                    16619000000,
                    18659000000,
                    23024000000,
                    26572000000,
                    36036000000,
                    37091000000,
                    47971000000,
                    54520000000
                ],
                "cfi_ppe_net": [
                    0,
                    0,
                    -37198000,
                    -176801000,
                    -318995000,
                    -838217000,
                    -1902798000,
                    -2402840000,
                    -2358461000,
                    -810000000,
                    -4018000000,
                    -3438000000,
                    -3273000000,
                    -7358000000,
                    -10959000000,
                    -9915000000,
                    -9972000000,
                    -13085000000,
                    -25041000000,
                    -23548000000
                ],
                "cfo_growth": [
                    0.0,
                    0.0,
                    0.0,
                    1.5469,
                    1.4707,
                    1.5172,
                    0.4558,
                    0.613,
                    0.3597,
                    0.1863,
                    0.1894,
                    0.3144,
                    0.141,
                    0.1227,
                    0.2339,
                    0.1541,
                    0.3561,
                    0.0292,
                    0.2933,
                    0.1365
                ],
                "eps_diluted": [
                    -0.11,
                    0.02,
                    0.2,
                    0.2,
                    0.73,
                    2.51,
                    4.97,
                    6.65,
                    6.66,
                    10.21,
                    13.16,
                    14.89,
                    16.16,
                    18.79,
                    20.57,
                    22.84,
                    27.85,
                    18.0,
                    43.7,
                    49.16
                ],
                "eps_diluted_growth": [
                    0.0,
                    1.1818,
                    9.25,
                    0.0,
                    2.5658,
                    2.4363,
                    0.9804,
                    0.3368,
                    0.0015,
                    0.5335,
                    0.289,
                    0.131,
                    0.085,
                    0.1627,
                    0.0947,
                    0.1103,
                    0.2193,
                    -0.3536,
                    1.4277,
                    0.1249
                ],
                "fcf": [
                    0,
                    0,
                    118067000,
                    218644000,
                    658049000,
                    1621205000,
                    1677710000,
                    3372570000,
                    5494396000,
                    8506000000,
                    7063000000,
                    11127000000,
                    13346000000,
                    11301000000,
                    12065000000,
                    16657000000,
                    26064000000,
                    24006000000,
                    22930000000,
                    30972000000
                ],
                "fcf_growth": [
                    0.0,
                    0.0,
                    0.0,
                    0.8518,
                    2.0096,
                    1.4636,
                    0.0348,
                    1.0102,
                    0.6291,
                    0.5481,
                    -0.1696,
                    0.5753,
                    0.1994,
                    -0.1532,
                    0.0676,
                    0.3806,
                    0.5647,
                    -0.0789,
                    -0.0448,
                    0.3507
                ],
                "income_tax": [
                    0,
                    -3083000,
                    -85259000,
                    -241006000,
                    -251115000,
                    -676280000,
                    -933594000,
                    -1470260000,
                    -1626738000,
                    -1861000000,
                    -2291000000,
                    -2589000000,
                    -2916000000,
                    -2739000000,
                    -3639000000,
                    -3303000000,
                    -4672000000,
                    -14531000000,
                    -4177000000,
                    -5282000000
                ],
                "lt_debt": [
                    0,
                    0,
                    6512000,
                    0,
                    0,
                    0,
                    0,
                    0,
                    0,
                    0,
                    0,
                    2986000000,
                    2988000000,
                    1990000000,
                    2992000000,
                    1995000000,
                    3935000000,
                    3943000000,
                    3950000000,
                    3958000000
                ],
                "market_cap": [
                    0,
                    0,
                    0,
                    0,
                    52712776470,
                    123311249370,
                    144430187520,
                    216698338080,
                    96997558690,
                    197012119410,
                    190841394600,
                    209847784860,
                    233425298760,
                    376365042460,
                    361462954200,
                    534763617480,
                    547815137850,
                    731884412200,
                    726828197760,
                    921949015650
                ],
                "operating_income": [
                    -14737000,
                    55698000,
                    186466000,
                    342464000,
                    640192000,
                    2107278000,
                    3549996000,
                    5084400000,
                    6631969000,
                    8312000000,
                    10381000000,
                    12242000000,
                    13834000000,
                    15403000000,
                    16496000000,
                    19360000000,
                    23716000000,
                    28914000000,
                    32595000000,
                    35928000000
                ],
                "period_end_date": [
                    "2000-12",
                    "2001-12",
                    "2002-12",
                    "2003-12",
                    "2004-12",
                    "2005-12",
                    "2006-12",
                    "2007-12",
                    "2008-12",
                    "2009-12",
                    "2010-12",
                    "2011-12",
                    "2012-12",
                    "2013-12",
                    "2014-12",
                    "2015-12",
                    "2016-12",
                    "2017-12",
                    "2018-12",
                    "2019-12"
                ],
                "pretax_income": [
                    -14690000,
                    10068000,
                    184915000,
                    346654000,
                    650234000,
                    2141677000,
                    4011040000,
                    5673980000,
                    5853596000,
                    8381000000,
                    10796000000,
                    12326000000,
                    14469000000,
                    15899000000,
                    17259000000,
                    19651000000,
                    24150000000,
                    27193000000,
                    34913000000,
                    39625000000
                ],
                "price_to_earnings": [
                    0.0,
                    0.0,
                    0.0,
                    0.0,
                    132.0728,
                    84.1486,
                    46.9318,
                    51.5491,
                    22.9479,
                    30.2165,
                    22.4387,
                    21.5515,
                    21.7402,
                    29.5582,
                    25.5703,
                    32.7112,
                    28.1248,
                    57.8016,
                    23.6474,
                    26.8453
                ],
                "revenue": [
                    19108000,
                    86426000,
                    439508000,
                    1465934000,
                    3189223000,
                    6138560000,
                    10604917000,
                    16593986000,
                    21795550000,
                    23651000000,
                    29321000000,
                    37905000000,
                    46039000000,
                    55519000000,
                    66001000000,
                    74989000000,
                    90272000000,
                    110855000000,
                    136819000000,
                    161857000000
                ],
                "revenue_growth": [
                    0.0,
                    3.523,
                    4.0853,
                    2.3353,
                    1.1755,
                    0.9247,
                    0.7275,
                    0.5647,
                    0.3134,
                    0.0851,
                    0.2397,
                    0.2927,
                    0.2145,
                    0.2059,
                    0.1888,
                    0.1361,
                    0.2038,
                    0.228,
                    0.2342,
                    0.183
                ],
                "roic": [
                    0.0,
                    0.5129,
                    1.5686,
                    0.3684,
                    0.2705,
                    0.3642,
                    0.3233,
                    0.2792,
                    0.2335,
                    0.2872,
                    0.2748,
                    0.2201,
                    0.1869,
                    0.187,
                    0.1719,
                    0.1638,
                    0.1631,
                    0.0918,
                    0.1978,
                    0.1893
                ],
                "shares_diluted": [
                    133934000,
                    373190000,
                    512779000,
                    512779000,
                    545034000,
                    583183000,
                    618497000,
                    631808000,
                    634413000,
                    638214000,
                    645876000,
                    653795000,
                    664610000,
                    677618000,
                    687070000,
                    692930000,
                    698706000,
                    703584000,
                    703285000,
                    698556000
                ],
                "st_debt": [
                    0,
                    0,
                    4350000,
                    4621000,
                    1902000,
                    0,
                    0,
                    0,
                    0,
                    0,
                    3465000000,
                    1218000000,
                    2549000000,
                    3000000000,
                    1999000000,
                    3000000000,
                    0,
                    0,
                    0,
                    0
                ],
                "total_assets": [
                    46872000,
                    0,
                    286892000,
                    871458000,
                    3313351000,
                    10271813000,
                    18473351000,
                    25335806000,
                    31767575000,
                    40497000000,
                    57851000000,
                    72574000000,
                    93798000000,
                    110920000000,
                    129187000000,
                    147461000000,
                    167497000000,
                    197295000000,
                    232792000000,
                    275909000000
                ],
                "total_equity": [
                    27234000,
                    0,
                    173953000,
                    588770000,
                    2929056000,
                    9418957000,
                    17039840000,
                    22689679000,
                    28238862000,
                    36004000000,
                    46241000000,
                    58145000000,
                    71715000000,
                    87309000000,
                    103860000000,
                    120331000000,
                    139036000000,
                    152502000000,
                    177628000000,
                    201442000000
                ],
                "total_equity_growth": [
                    0.0,
                    -1.0,
                    0.0,
                    2.3846,
                    3.9748,
                    2.2156,
                    0.8091,
                    0.3315,
                    0.2445,
                    0.2749,
                    0.2843,
                    0.2574,
                    0.2333,
                    0.2174,
                    0.1895,
                    0.1585,
                    0.1554,
                    0.0968,
                    0.1647,
                    0.134
                ]
            }
        }
    }
}