{
    "data": {
        "financials": {
            "annual": {
                "book_value_per_share": [
                    6.908,
                    -3.5265,
                    -3.3177,
                    -2.4196,
                    -0.5795,
                    2.2486,
                    3.1581,
                    4.431,
                    5.2172,
                    5.8615,
                    6.6006,
                    7.9662,
                    9.746,
                    11.3653,
                    11.6504,
                    12.1358,
                    13.2154,
                    16.2687,
                    14.8539,
                    16.8543
                ],
                "cf_cfo": [
                    33000000,
                    35000000,
                    65900000,
                    46900000,
                    88900000,
                    75600000,
                    102700000,
                    113500000,
                    97500000,
                    172800000,
                    126500000,
                    170500000,
                    232400000,
                    272900000,
                    318000000,
                    301000000,
                    401400000,
                    428700000,
                    421400000,
                    491100000
                ],
                "cfi_ppe_net": [
                    -36200000,
                    -38800000,
                    -13400000,
                    -15900000,
                    -31000000,
                    -62900000,
                    -117900000,
                    -120600000,
                    -175900000,
                    -98400000,
                    -48800000,
                    -158000000,
                    -258400000,
                    -194900000,
                    -260100000,
                    -305300000,
                    -327900000,
                    -278100000,
                    -184100000,
                    -204100000
                ],
                "cfo_growth": [
                    -0.7531,
                    0.0606,
                    0.8828,
                    -0.2883,
                    0.8955,
                    -0.1496,
                    0.3584,
                    0.1051,
                    -0.1409,
                    0.7723,
                    -0.2679,
                    0.3478,
                    0.363,
                    0.1742,
                    0.1652,
                    -0.0534,
                    0.3335,
                    0.068,
                    -0.017,
                    0.1654
                ],
                "eps_diluted": [
                    1.32,
                    -11.54,
                    -0.35,
                    -0.54,
                    0.08,
                    1.51,
                    0.69,
                    0.64,
                    1.14,
                    0.57,
                    0.77,
                    1.35,
                    1.61,
                    1.84,
                    2.12,
                    2.44,
                    2.65,
                    3.09,
                    3.11,
                    3.57
                ],
                "eps_diluted_growth": [
                    3.0625,
                    -9.7424,
                    0.9696,
                    -0.5428,
                    1.1481,
                    17.875,
                    -0.543,
                    -0.0724,
                    0.7812,
                    -0.5,
                    0.3508,
                    0.7532,
                    0.1925,
                    0.1428,
                    0.1521,
                    0.1509,
                    0.086,
                    0.166,
                    0.0064,
                    0.1479
                ],
                "fcf": [
                    -3200000,
                    -3800000,
                    52500000,
                    31000000,
                    57900000,
                    12700000,
                    -15200000,
                    -7100000,
                    -78400000,
                    74400000,
                    77700000,
                    12500000,
                    -26000000,
                    78000000,
                    57900000,
                    -4300000,
                    73500000,
                    150600000,
                    237300000,
                    287000000
                ],
                "fcf_growth": [
                    -1.0326,
                    -0.1875,
                    14.8157,
                    -0.4095,
                    0.8677,
                    -0.7806,
                    -2.1968,
                    0.5328,
                    -10.0422,
                    1.9489,
                    0.0443,
                    -0.8391,
                    -3.08,
                    4.0,
                    -0.2576,
                    -1.0742,
                    18.093,
                    1.0489,
                    0.5756,
                    0.2094
                ],
                "income_tax": [
                    -26300000,
                    -40500000,
                    -11300000,
                    -13500000,
                    -10300000,
                    113800000,
                    -34700000,
                    -33400000,
                    15600000,
                    -22000000,
                    -22900000,
                    -41600000,
                    -74100000,
                    -76000000,
                    -89300000,
                    -83000000,
                    -90300000,
                    -42500000,
                    -62500000,
                    -76800000
                ],
                "lt_debt": [
                    627100000,
                    668500000,
                    0,
                    481300000,
                    430400000,
                    416800000,
                    409800000,
                    315500000,
                    392500000,
                    358800000,
                    304600000,
                    238000000,
                    240000000,
                    292000000,
                    415000000,
                    576500000,
                    684400000,
                    805500000,
                    946600000,
                    1048600000
                ],
                "market_cap": [
                    331674000,
                    117656000,
                    119400000,
                    286767000,
                    777200000,
                    1671430000,
                    1633058000,
                    2326388200,
                    713216290,
                    1279828000,
                    1799955000,
                    2391948000,
                    2693304000,
                    4419841000,
                    3962295000,
                    4343075000,
                    4701616000,
                    5541760000,
                    4862432000,
                    6128716000
                ],
                "operating_income": [
                    86300000,
                    -257800000,
                    60700000,
                    61800000,
                    88800000,
                    87200000,
                    113300000,
                    122200000,
                    134700000,
                    103700000,
                    129800000,
                    192000000,
                    248800000,
                    270900000,
                    305800000,
                    332400000,
                    360100000,
                    350600000,
                    371200000,
                    425200000
                ],
                "period_end_date": [
                    "2000-12",
                    "2001-12",
                    "2002-12",
                    "2003-12",
                    "2004-12",
                    "2005-12",
                    "2006-12",
                    "2007-12",
                    "2008-12",
                    "2009-12",
                    "2010-12",
                    "2011-12",
                    "2012-12",
                    "2013-12",
                    "2014-12",
                    "2015-12",
                    "2016-12",
                    "2017-12",
                    "2018-12",
                    "2019-12"
                ],
                "pretax_income": [
                    80500000,
                    -381000000,
                    7700000,
                    3800000,
                    36200000,
                    13800000,
                    79700000,
                    92400000,
                    110700000,
                    77600000,
                    99800000,
                    175500000,
                    237700000,
                    262600000,
                    297300000,
                    318200000,
                    337600000,
                    323200000,
                    333500000,
                    379700000
                ],
                "price_to_earnings": [
                    6.1194,
                    -0.2712,
                    -8.7794,
                    -25.8348,
                    26.9861,
                    11.8289,
                    24.7808,
                    37.9508,
                    6.4138,
                    22.7322,
                    23.2552,
                    17.6527,
                    16.3925,
                    23.5223,
                    18.9221,
                    18.3097,
                    18.8215,
                    19.5132,
                    17.5792,
                    19.9892
                ],
                "revenue": [
                    1055700000,
                    1009400000,
                    850800000,
                    896900000,
                    1051400000,
                    957600000,
                    1049500000,
                    1171100000,
                    1324900000,
                    1108300000,
                    1173600000,
                    1392400000,
                    1578200000,
                    1678200000,
                    1855500000,
                    1861200000,
                    2004300000,
                    1973300000,
                    2189100000,
                    2355700000
                ],
                "revenue_growth": [
                    -0.0831,
                    -0.0438,
                    -0.1571,
                    0.0541,
                    0.1722,
                    -0.0892,
                    0.0959,
                    0.1158,
                    0.1313,
                    -0.1634,
                    0.0589,
                    0.1864,
                    0.1334,
                    0.0633,
                    0.1056,
                    0.003,
                    0.0768,
                    -0.0154,
                    0.1093,
                    0.0761
                ],
                "roic": [
                    0.0548,
                    -0.5776,
                    -0.0264,
                    -0.0266,
                    0.0825,
                    0.2945,
                    0.1015,
                    0.0873,
                    0.1418,
                    0.0658,
                    0.0893,
                    0.1443,
                    0.148,
                    0.1441,
                    0.1451,
                    0.1482,
                    0.1386,
                    0.1371,
                    0.1231,
                    0.1308
                ],
                "shares_diluted": [
                    45700000,
                    37600000,
                    38400000,
                    38600000,
                    42100000,
                    93700000,
                    95500000,
                    96500000,
                    97600000,
                    98200000,
                    99900000,
                    100700000,
                    102000000,
                    102100000,
                    98700000,
                    97200000,
                    94200000,
                    91900000,
                    89000000,
                    85800000
                ],
                "st_debt": [
                    22100000,
                    17400000,
                    621700000,
                    2100000,
                    1000000,
                    3000000,
                    2500000,
                    400000,
                    2100000,
                    33500000,
                    27600000,
                    12300000,
                    14800000,
                    3000000,
                    1300000,
                    0,
                    3800000,
                    4300000,
                    9100000,
                    8900000
                ],
                "total_assets": [
                    1211400000,
                    789400000,
                    708100000,
                    722700000,
                    776800000,
                    880600000,
                    1014500000,
                    1060500000,
                    1210300000,
                    1246600000,
                    1258100000,
                    1376100000,
                    1603100000,
                    1836100000,
                    2036400000,
                    2187400000,
                    2400600000,
                    2780900000,
                    2824100000,
                    3128600000
                ],
                "total_equity": [
                    315700000,
                    -132600000,
                    -127400000,
                    -93400000,
                    -24400000,
                    210700000,
                    301600000,
                    427600000,
                    509200000,
                    575600000,
                    659400000,
                    802200000,
                    994100000,
                    1160400000,
                    1149900000,
                    1179600000,
                    1244900000,
                    1495100000,
                    1322000000,
                    1446100000
                ],
                "total_equity_growth": [
                    0.1688,
                    -1.42,
                    0.0392,
                    0.2668,
                    0.7387,
                    9.6352,
                    0.4314,
                    0.4177,
                    0.1908,
                    0.1304,
                    0.1455,
                    0.2165,
                    0.2392,
                    0.1672,
                    -0.009,
                    0.0258,
                    0.0553,
                    0.2009,
                    -0.1157,
                    0.0938
                ]
            }
        }
    }
}