{
    "data": {
        "financials": {
            "annual": {
                "book_value_per_share": [
                    0.9086,
                    0.7239,
                    1.0506,
                    1.0958,
                    1.3471,
                    1.5712,
                    1.96,
                    2.9058,
                    2.2486,
                    3.2355,
                    3.7822,
                    4.2473,
                    12.6633,
                    10.9164,
                    8.2553,
                    5.3845,
                    7.6575,
                    6.5241,
                    5.6737,
                    5.1601
                ],
                "cf_cfo": [
                    134217000,
                    155557000,
                    138825000,
                    235734000,
                    346753000,
                    276937000,
                    490254000,
                    707018000,
                    631095000,
                    845827000,
                    1125337000,
                    767674000,
                    1203812000,
                    1408698000,
                    1331439000,
                    1672101000,
                    980884000,
                    2186823000,
                    2073316000,
                    2826667000
                ],
                "cfi_ppe_net": [
                    -141335000,
                    -334053000,
                    -110785000,
                    -57144000,
                    -124813000,
                    -590716000,
                    -912809000,
                    -839632000,
                    -772690000,
                    -527799000,
                    -1028581000,
                    -1273238000,
                    -2315935000,
                    -1156590000,
                    -876179000,
                    -1512632000,
                    -618286000,
                    -352350000,
                    -436954000,
                    -1226299000
                ],
                "cfo_growth": [
                    0.1955,
                    0.1589,
                    -0.1075,
                    0.698,
                    0.4709,
                    -0.2013,
                    0.7702,
                    0.4421,
                    -0.1073,
                    0.3402,
                    0.3304,
                    -0.3178,
                    0.5681,
                    0.1701,
                    -0.0548,
                    0.2558,
                    -0.4133,
                    1.2294,
                    -0.0519,
                    0.3633
                ],
                "eps_diluted": [
                    0.15,
                    0.03,
                    0.09,
                    0.26,
                    0.5,
                    0.45,
                    0.74,
                    0.92,
                    0.98,
                    0.67,
                    1.22,
                    0.93,
                    -0.04,
                    -0.57,
                    -0.47,
                    -0.4,
                    0.12,
                    0.18,
                    0.51,
                    0.31
                ],
                "eps_diluted_growth": [
                    0.0135,
                    -0.7733,
                    1.8235,
                    1.7083,
                    0.9538,
                    -0.1043,
                    0.6461,
                    0.2309,
                    0.0639,
                    -0.3109,
                    0.8121,
                    -0.2383,
                    -1.0493,
                    -11.5217,
                    0.1718,
                    0.1572,
                    1.3159,
                    0.4173,
                    1.8388,
                    -0.3855
                ],
                "fcf": [
                    -7118000,
                    -178496000,
                    28040000,
                    178590000,
                    221940000,
                    -313779000,
                    -422555000,
                    -132614000,
                    -141595000,
                    318028000,
                    96756000,
                    -505564000,
                    -1112123000,
                    252108000,
                    455260000,
                    159469000,
                    362598000,
                    1834473000,
                    1636362000,
                    1600368000
                ],
                "fcf_growth": [
                    0.7484,
                    -24.0767,
                    1.157,
                    5.3691,
                    0.2427,
                    -2.4138,
                    -0.3466,
                    0.6861,
                    -0.0677,
                    3.246,
                    -0.6957,
                    -6.2251,
                    -1.1997,
                    1.2266,
                    0.8058,
                    -0.6497,
                    1.2737,
                    4.0592,
                    -0.1079,
                    -0.0219
                ],
                "income_tax": [
                    -10407000,
                    600000,
                    -7000000,
                    -18300000,
                    -28293000,
                    -28258000,
                    -46837000,
                    -59775000,
                    -65094000,
                    -44487000,
                    -81107000,
                    -61789000,
                    -102386000,
                    20069000,
                    -292404000,
                    178383000,
                    -163204000,
                    -158998000,
                    -73879000,
                    53697000
                ],
                "lt_debt": [
                    276000,
                    0,
                    0,
                    0,
                    0,
                    0,
                    0,
                    1287802000,
                    2087859000,
                    2389521000,
                    2875714000,
                    2733191000,
                    4966378000,
                    5900873000,
                    6016165000,
                    6500478000,
                    6035952000,
                    0,
                    4664816000,
                    4635672000
                ],
                "market_cap": [
                    505692290,
                    483145500,
                    376853490,
                    1114455620,
                    2054978860,
                    2389959740,
                    3497973420,
                    4539196960,
                    2724201790,
                    5639815500,
                    10414859290,
                    15731223690,
                    11488015000,
                    9000640880,
                    6535784840,
                    2974460720,
                    4960417440,
                    8429071200,
                    6246002400,
                    6161105280
                ],
                "operating_income": [
                    -800736000,
                    50200000,
                    62000000,
                    111700000,
                    -1041794000,
                    -2271958000,
                    302622000,
                    413371000,
                    1004909000,
                    399832000,
                    615162000,
                    493948000,
                    217308000,
                    546164000,
                    510313000,
                    402002000,
                    428325000,
                    757931000,
                    862460000,
                    650392000
                ],
                "period_end_date": [
                    "2000-12",
                    "2001-12",
                    "2002-12",
                    "2003-12",
                    "2004-12",
                    "2005-12",
                    "2006-12",
                    "2007-12",
                    "2008-12",
                    "2009-12",
                    "2010-12",
                    "2011-12",
                    "2012-12",
                    "2013-12",
                    "2014-12",
                    "2015-12",
                    "2016-12",
                    "2017-12",
                    "2018-12",
                    "2019-12"
                ],
                "pretax_income": [
                    58793000,
                    10300000,
                    37800000,
                    101900000,
                    191845000,
                    174859000,
                    288137000,
                    368098000,
                    403406000,
                    277519000,
                    502032000,
                    382360000,
                    96744000,
                    -283888000,
                    65233000,
                    -357115000,
                    273874000,
                    313384000,
                    415665000,
                    141916000
                ],
                "price_to_earnings": [
                    10.4512,
                    44.7356,
                    12.2355,
                    13.3308,
                    12.5646,
                    16.3024,
                    14.4963,
                    14.7222,
                    8.0961,
                    24.4014,
                    24.8148,
                    49.1298,
                    -602.2234,
                    -32.0177,
                    -25.139,
                    -13.565,
                    71.6616,
                    77.4047,
                    20.1606,
                    32.3536
                ],
                "revenue": [
                    1425154000,
                    1428300000,
                    1452400000,
                    1638800000,
                    2092945000,
                    2506353000,
                    3033960000,
                    3524923000,
                    4301667000,
                    3519162000,
                    4390502000,
                    5585440000,
                    9710372000,
                    12924537000,
                    12093501000,
                    9740045000,
                    8988340000,
                    9613907000,
                    9895456000,
                    10070063000
                ],
                "revenue_growth": [
                    0.1524,
                    0.0022,
                    0.0168,
                    0.1283,
                    0.2771,
                    0.1975,
                    0.2105,
                    0.1618,
                    0.2203,
                    -0.1819,
                    0.2475,
                    0.2721,
                    0.7385,
                    0.331,
                    -0.0642,
                    -0.1946,
                    -0.0771,
                    0.0695,
                    0.0292,
                    0.0176
                ],
                "roic": [
                    0.1732,
                    0.0417,
                    0.1127,
                    0.2527,
                    0.3942,
                    0.2514,
                    0.3052,
                    0.176,
                    0.1256,
                    0.0783,
                    0.1165,
                    0.0746,
                    -0.002,
                    -0.0211,
                    -0.0209,
                    -0.019,
                    0.0061,
                    0.0149,
                    0.0422,
                    0.0164
                ],
                "shares_diluted": [
                    318024000,
                    327767000,
                    294006000,
                    321748000,
                    325319000,
                    322097000,
                    321748000,
                    341807000,
                    341807000,
                    341807000,
                    343724000,
                    343127000,
                    412268000,
                    487931000,
                    545548000,
                    545548000,
                    546560000,
                    606408000,
                    606408000,
                    606408000
                ],
                "st_debt": [
                    37923000,
                    0,
                    0,
                    0,
                    34098000,
                    64770000,
                    89883000,
                    102153000,
                    284028000,
                    385421000,
                    495261000,
                    466587000,
                    1505359000,
                    1545744000,
                    1032868000,
                    1185287000,
                    1546607000,
                    0,
                    972056000,
                    827012000
                ],
                "total_assets": [
                    1149557000,
                    1422400000,
                    1585400000,
                    1641000000,
                    1829276000,
                    2143619000,
                    2928789000,
                    3901742000,
                    5196866000,
                    5771972000,
                    6785897000,
                    7648659000,
                    22326339000,
                    22631146000,
                    20484428000,
                    18101418000,
                    19198194000,
                    21673713000,
                    20078722000,
                    21087806000
                ],
                "total_equity": [
                    288962000,
                    237300000,
                    308900000,
                    352600000,
                    438255000,
                    506086000,
                    630631000,
                    993241000,
                    768604000,
                    1105926000,
                    1300060000,
                    1457372000,
                    5220685000,
                    5326459000,
                    4503695000,
                    2937548000,
                    4185304000,
                    3956293000,
                    3440601000,
                    3129177000
                ],
                "total_equity_growth": [
                    0.1037,
                    -0.1787,
                    0.3017,
                    0.1414,
                    0.2429,
                    0.1547,
                    0.246,
                    0.5749,
                    -0.2261,
                    0.4388,
                    0.1755,
                    0.121,
                    2.5822,
                    0.0202,
                    -0.1544,
                    -0.3477,
                    0.4247,
                    -0.0547,
                    -0.1303,
                    -0.0905
                ]
            }
        }
    }
}