{
    "data": {
        "financials": {
            "annual": {
                "book_value_per_share": [
                    -2.631,
                    -3.9793,
                    0.0,
                    -3.1019,
                    -3.0974,
                    3.5981,
                    2.1065,
                    2.5868,
                    3.8896,
                    4.9643,
                    6.5646,
                    7.7794,
                    8.0578,
                    7.6876,
                    9.712,
                    7.3777,
                    7.5611,
                    40.727
                ],
                "cf_cfo": [
                    0,
                    0,
                    0,
                    3439000,
                    6158000,
                    6763000,
                    55779000,
                    49701000,
                    67896000,
                    89426000,
                    139891000,
                    142513000,
                    196793000,
                    221370000,
                    190259000,
                    269010000,
                    230907000,
                    451091000
                ],
                "cfi_ppe_net": [
                    0,
                    -900000,
                    0,
                    -2005000,
                    -2444000,
                    -3059000,
                    -4905000,
                    -3798000,
                    -13214000,
                    -18924000,
                    -16748000,
                    -113756000,
                    -34426000,
                    -62530000,
                    -76939000,
                    -74851000,
                    -97562000,
                    -136798000
                ],
                "cfo_growth": [
                    0.0,
                    0.0,
                    0.0,
                    0.0,
                    0.7906,
                    0.0982,
                    7.2476,
                    -0.1089,
                    0.366,
                    0.3171,
                    0.5643,
                    0.0187,
                    0.3808,
                    0.1248,
                    -0.1405,
                    0.4139,
                    -0.1416,
                    0.9535
                ],
                "eps_diluted": [
                    -0.22,
                    -0.36,
                    -0.21,
                    0.05,
                    0.01,
                    0.22,
                    0.42,
                    0.75,
                    1.27,
                    1.73,
                    2.3,
                    2.66,
                    1.63,
                    2.4,
                    3.09,
                    0.31,
                    -0.82,
                    -3.71
                ],
                "eps_diluted_growth": [
                    0.0,
                    -0.6143,
                    0.4166,
                    1.238,
                    -0.8,
                    21.0,
                    0.909,
                    0.7857,
                    0.6933,
                    0.3622,
                    0.3294,
                    0.1565,
                    -0.3872,
                    0.4723,
                    0.2875,
                    -0.8996,
                    -3.6451,
                    -3.5243
                ],
                "fcf": [
                    0,
                    -900000,
                    0,
                    1434000,
                    3714000,
                    3704000,
                    50874000,
                    45903000,
                    54682000,
                    70502000,
                    123143000,
                    28757000,
                    162367000,
                    158840000,
                    113320000,
                    194159000,
                    133345000,
                    314293000
                ],
                "fcf_growth": [
                    0.0,
                    0.0,
                    1.0,
                    0.0,
                    1.5899,
                    -0.0026,
                    12.7348,
                    -0.0977,
                    0.1912,
                    0.2893,
                    0.7466,
                    -0.7664,
                    4.6461,
                    -0.0217,
                    -0.2865,
                    0.7133,
                    -0.3132,
                    1.3569
                ],
                "income_tax": [
                    0,
                    0,
                    0,
                    1369000,
                    -1243000,
                    -4727000,
                    -10634000,
                    -9504000,
                    -15841000,
                    -31660000,
                    -38871000,
                    -45583000,
                    -49143000,
                    -44702000,
                    -48962000,
                    -40290000,
                    28867000,
                    -64753000
                ],
                "lt_debt": [
                    0,
                    0,
                    0,
                    12000000,
                    9000000,
                    0,
                    3390000,
                    1355000,
                    2751000,
                    0,
                    0,
                    2490000,
                    280630000,
                    290477000,
                    301940000,
                    312089000,
                    596567000,
                    623985000
                ],
                "market_cap": [
                    0,
                    0,
                    0,
                    0,
                    0,
                    3267490760,
                    723188700,
                    2288504400,
                    2941331150,
                    3511054680,
                    3468061050,
                    4759359660,
                    5637268850,
                    5048911380,
                    6894673980,
                    13894441620,
                    13237698550,
                    28431137400
                ],
                "operating_income": [
                    -3000000,
                    -3500000,
                    12663000,
                    812000,
                    5398000,
                    21662000,
                    37524000,
                    56034000,
                    74599000,
                    99772000,
                    129658000,
                    153539000,
                    169967000,
                    155422000,
                    194773000,
                    144871000,
                    -69482000,
                    -153161000
                ],
                "period_end_date": [
                    "2002-12",
                    "2003-12",
                    "2004-12",
                    "2005-12",
                    "2006-12",
                    "2007-12",
                    "2008-12",
                    "2009-12",
                    "2010-12",
                    "2011-12",
                    "2012-12",
                    "2013-12",
                    "2014-12",
                    "2015-12",
                    "2016-12",
                    "2017-12",
                    "2018-12",
                    "2019-12"
                ],
                "pretax_income": [
                    -2700000,
                    -3200000,
                    0,
                    665000,
                    2315000,
                    14420000,
                    29446000,
                    42713000,
                    71866000,
                    108456000,
                    140218000,
                    163109000,
                    121796000,
                    150491000,
                    185328000,
                    54070000,
                    -65452000,
                    -107246000
                ],
                "price_to_earnings": [
                    0.0,
                    0.0,
                    0.0,
                    0.0,
                    0.0,
                    337.0979,
                    38.4429,
                    68.9121,
                    52.5003,
                    45.7287,
                    34.2534,
                    40.5027,
                    77.6686,
                    47.7262,
                    50.56,
                    1008.3049,
                    -361.834,
                    -165.2982
                ],
                "revenue": [
                    1700000,
                    5600000,
                    12663000,
                    28250000,
                    52059000,
                    85126000,
                    137023000,
                    172844000,
                    216716000,
                    298932000,
                    373601000,
                    472595000,
                    556536000,
                    651790000,
                    844396000,
                    1216542000,
                    1439653000,
                    2296314000
                ],
                "revenue_growth": [
                    0.0,
                    2.2941,
                    1.2612,
                    1.2309,
                    0.8427,
                    0.6351,
                    0.6096,
                    0.2614,
                    0.2538,
                    0.3793,
                    0.2497,
                    0.2649,
                    0.1776,
                    0.1711,
                    0.2955,
                    0.4407,
                    0.1833,
                    0.595
                ],
                "roic": [
                    0.0,
                    0.0823,
                    0.1078,
                    -0.1199,
                    -0.0274,
                    0.413,
                    0.209,
                    0.4068,
                    0.6001,
                    0.5694,
                    0.595,
                    0.5768,
                    0.2284,
                    0.2389,
                    0.2791,
                    0.0338,
                    -0.0781,
                    -0.1483
                ],
                "shares_diluted": [
                    13987000,
                    10278000,
                    12740000,
                    13671000,
                    13149000,
                    25478000,
                    44349000,
                    44144000,
                    44147000,
                    44151000,
                    44148000,
                    44153000,
                    44154000,
                    44156000,
                    44157000,
                    44157000,
                    44530000,
                    48693000
                ],
                "st_debt": [
                    0,
                    0,
                    0,
                    131000,
                    98000,
                    9713000,
                    14963000,
                    3214000,
                    100000,
                    0,
                    0,
                    13349000,
                    1641000,
                    1965000,
                    11583000,
                    56325000,
                    131485000,
                    184130000
                ],
                "total_assets": [
                    27300000,
                    24100000,
                    0,
                    44420000,
                    53813000,
                    134493000,
                    156739000,
                    182615000,
                    269683000,
                    355931000,
                    478669000,
                    592363000,
                    966848000,
                    1003606000,
                    1367435000,
                    1673187000,
                    2239519000,
                    4781691000
                ],
                "total_equity": [
                    -36800000,
                    -40900000,
                    0,
                    -42407000,
                    -40728000,
                    91673000,
                    93424000,
                    114193000,
                    171718000,
                    219179000,
                    289814000,
                    343484000,
                    355788000,
                    339458000,
                    428854000,
                    325779000,
                    336700000,
                    2081963000
                ],
                "total_equity_growth": [
                    0.0,
                    -0.1114,
                    1.0,
                    0.0,
                    0.0395,
                    3.2508,
                    0.0191,
                    0.2223,
                    0.5037,
                    0.2763,
                    0.3222,
                    0.1851,
                    0.0358,
                    -0.0458,
                    0.2633,
                    -0.2403,
                    0.0335,
                    5.1834
                ]
            }
        }
    }
}