{
    "data": {
        "financials": {
            "annual": {
                "book_value_per_share": [
                    4.2419,
                    4.6983,
                    5.965,
                    6.8684,
                    4.4117,
                    3.8081,
                    3.1455,
                    3.8316,
                    4.3972,
                    5.1725,
                    6.6429,
                    7.8019,
                    9.3204,
                    10.6898,
                    9.7023,
                    8.985,
                    11.199,
                    10.613,
                    13.1987,
                    15.3981
                ],
                "cf_cfo": [
                    13422000000,
                    14509000000,
                    15797000000,
                    14626000000,
                    16605000000,
                    14404000000,
                    17796000000,
                    21612000000,
                    19037000000,
                    24073000000,
                    26994000000,
                    31626000000,
                    28833000000,
                    32502000000,
                    29668000000,
                    33325000000,
                    39507000000,
                    43884000000,
                    52185000000,
                    60675000000
                ],
                "cfi_ppe_net": [
                    -1103000000,
                    -770000000,
                    -891000000,
                    -1109000000,
                    -812000000,
                    -1578000000,
                    -2264000000,
                    -3182000000,
                    -3119000000,
                    -1977000000,
                    -2355000000,
                    -2305000000,
                    -4257000000,
                    -5485000000,
                    -5944000000,
                    -8343000000,
                    -8129000000,
                    -11632000000,
                    -13925000000,
                    -15441000000
                ],
                "cfo_growth": [
                    0.1746,
                    0.0809,
                    0.0887,
                    -0.0741,
                    0.1353,
                    -0.1325,
                    0.2354,
                    0.2144,
                    -0.1191,
                    0.2645,
                    0.1213,
                    0.1715,
                    -0.0883,
                    0.1272,
                    -0.0871,
                    0.1232,
                    0.1855,
                    0.1107,
                    0.1891,
                    0.1626
                ],
                "eps_diluted": [
                    0.66,
                    0.7,
                    0.69,
                    0.75,
                    1.12,
                    1.2,
                    1.42,
                    1.87,
                    1.62,
                    2.1,
                    2.69,
                    2.0,
                    2.58,
                    2.63,
                    1.48,
                    2.56,
                    3.25,
                    2.13,
                    5.06,
                    5.76
                ],
                "eps_diluted_growth": [
                    -0.2235,
                    0.0606,
                    -0.0142,
                    0.0869,
                    0.4933,
                    0.0714,
                    0.1833,
                    0.3169,
                    -0.1336,
                    0.2962,
                    0.2809,
                    -0.2565,
                    0.29,
                    0.0193,
                    -0.4372,
                    0.7297,
                    0.2695,
                    -0.3446,
                    1.3755,
                    0.1383
                ],
                "fcf": [
                    12319000000,
                    13739000000,
                    14906000000,
                    13517000000,
                    15793000000,
                    12826000000,
                    15532000000,
                    18430000000,
                    15918000000,
                    22096000000,
                    24639000000,
                    29321000000,
                    24576000000,
                    27017000000,
                    23724000000,
                    24982000000,
                    31378000000,
                    32252000000,
                    38260000000,
                    45234000000
                ],
                "fcf_growth": [
                    0.168,
                    0.1152,
                    0.0849,
                    -0.0931,
                    0.1683,
                    -0.1878,
                    0.2109,
                    0.1865,
                    -0.1362,
                    0.3881,
                    0.115,
                    0.19,
                    -0.1618,
                    0.0993,
                    -0.1218,
                    0.053,
                    0.256,
                    0.0278,
                    0.1862,
                    0.1822
                ],
                "income_tax": [
                    -3804000000,
                    -3684000000,
                    -3523000000,
                    -4028000000,
                    -4374000000,
                    -5663000000,
                    -6036000000,
                    -6133000000,
                    -5252000000,
                    -6253000000,
                    -4921000000,
                    -5289000000,
                    -5189000000,
                    -5746000000,
                    -6314000000,
                    -5100000000,
                    -4412000000,
                    -19903000000,
                    -4448000000,
                    -8755000000
                ],
                "lt_debt": [
                    0,
                    0,
                    0,
                    0,
                    0,
                    0,
                    0,
                    0,
                    3746000000,
                    4939000000,
                    11921000000,
                    10713000000,
                    12601000000,
                    20645000000,
                    27808000000,
                    40557000000,
                    76073000000,
                    72242000000,
                    66662000000,
                    59578000000
                ],
                "market_cap": [
                    392959000000,
                    293137300000,
                    276168440000,
                    312825600000,
                    266036400000,
                    234444600000,
                    276295690300,
                    251744010000,
                    211743160000,
                    199450680000,
                    217776000000,
                    256374790000,
                    287732400000,
                    343566300000,
                    354392050000,
                    399535360000,
                    531312440000,
                    757028970000,
                    1023856280000,
                    1540774210000
                ],
                "operating_income": [
                    11720000000,
                    11910000000,
                    9545000000,
                    9034000000,
                    14561000000,
                    16472000000,
                    18438000000,
                    22271000000,
                    20363000000,
                    24098000000,
                    27161000000,
                    27956000000,
                    26764000000,
                    27886000000,
                    28172000000,
                    27188000000,
                    29331000000,
                    35058000000,
                    42959000000,
                    52959000000
                ],
                "period_end_date": [
                    "2001-06",
                    "2002-06",
                    "2003-06",
                    "2004-06",
                    "2005-06",
                    "2006-06",
                    "2007-06",
                    "2008-06",
                    "2009-06",
                    "2010-06",
                    "2011-06",
                    "2012-06",
                    "2013-06",
                    "2014-06",
                    "2015-06",
                    "2016-06",
                    "2017-06",
                    "2018-06",
                    "2019-06",
                    "2020-06"
                ],
                "pretax_income": [
                    11525000000,
                    11513000000,
                    11054000000,
                    12196000000,
                    16628000000,
                    18262000000,
                    20101000000,
                    23814000000,
                    19821000000,
                    25013000000,
                    28071000000,
                    22267000000,
                    27052000000,
                    27820000000,
                    18507000000,
                    25639000000,
                    29901000000,
                    36474000000,
                    43688000000,
                    53036000000
                ],
                "price_to_earnings": [
                    53.4929,
                    37.4424,
                    36.6708,
                    38.2989,
                    21.7101,
                    18.6081,
                    19.6442,
                    14.2381,
                    14.5338,
                    10.6316,
                    9.4071,
                    15.1004,
                    13.1607,
                    15.5642,
                    29.0652,
                    19.4525,
                    20.8447,
                    45.6839,
                    26.0921,
                    34.7953
                ],
                "revenue": [
                    25296000000,
                    28365000000,
                    32187000000,
                    36835000000,
                    39788000000,
                    44282000000,
                    51122000000,
                    60420000000,
                    58437000000,
                    62484000000,
                    69943000000,
                    73723000000,
                    77849000000,
                    86833000000,
                    93580000000,
                    91154000000,
                    96571000000,
                    110360000000,
                    125843000000,
                    143015000000
                ],
                "revenue_growth": [
                    0.1019,
                    0.1213,
                    0.1347,
                    0.1444,
                    0.0801,
                    0.1129,
                    0.1544,
                    0.1818,
                    -0.0328,
                    0.0692,
                    0.1193,
                    0.054,
                    0.0559,
                    0.1154,
                    0.0777,
                    -0.0259,
                    0.0594,
                    0.1427,
                    0.1402,
                    0.1364
                ],
                "roic": [
                    0.1839,
                    0.1692,
                    0.1399,
                    0.1372,
                    0.2361,
                    0.3287,
                    0.4818,
                    0.6942,
                    0.447,
                    0.4371,
                    0.4367,
                    0.2596,
                    0.2697,
                    0.2269,
                    0.1141,
                    0.1795,
                    0.1754,
                    0.1022,
                    0.2437,
                    0.2566
                ],
                "shares_diluted": [
                    11148000000,
                    11106000000,
                    10882000000,
                    10894000000,
                    10906000000,
                    10531000000,
                    9886000000,
                    9470000000,
                    8996000000,
                    8927000000,
                    8593000000,
                    8506000000,
                    8470000000,
                    8399000000,
                    8254000000,
                    8013000000,
                    7832000000,
                    7794000000,
                    7753000000,
                    7683000000
                ],
                "st_debt": [
                    0,
                    0,
                    0,
                    0,
                    0,
                    0,
                    0,
                    0,
                    2000000000,
                    1000000000,
                    0,
                    1231000000,
                    2999000000,
                    2000000000,
                    7484000000,
                    12904000000,
                    10121000000,
                    3998000000,
                    5516000000,
                    3749000000
                ],
                "total_assets": [
                    58830000000,
                    67646000000,
                    81732000000,
                    94368000000,
                    70815000000,
                    69597000000,
                    63171000000,
                    72793000000,
                    77888000000,
                    86113000000,
                    108704000000,
                    121271000000,
                    142431000000,
                    172384000000,
                    174472000000,
                    193468000000,
                    250312000000,
                    258848000000,
                    286556000000,
                    301311000000
                ],
                "total_equity": [
                    47289000000,
                    52180000000,
                    64912000000,
                    74825000000,
                    48115000000,
                    40104000000,
                    31097000000,
                    36286000000,
                    39558000000,
                    46175000000,
                    57083000000,
                    66363000000,
                    78944000000,
                    89784000000,
                    80083000000,
                    71997000000,
                    87711000000,
                    82718000000,
                    102330000000,
                    118304000000
                ],
                "total_equity_growth": [
                    0.1431,
                    0.1034,
                    0.244,
                    0.1527,
                    -0.3569,
                    -0.1664,
                    -0.2245,
                    0.1668,
                    0.0901,
                    0.1672,
                    0.2362,
                    0.1625,
                    0.1895,
                    0.1373,
                    -0.108,
                    -0.1009,
                    0.2182,
                    -0.0569,
                    0.237,
                    0.1561
                ]
            }
        }
    }
}