{
    "data": {
        "financials": {
            "annual": {
                "book_value_per_share": [
                    -1.8505,
                    -0.8851,
                    0.2263,
                    0.128,
                    0.345,
                    0.4933,
                    0.8566,
                    0.8911,
                    0.7892,
                    0.487,
                    0.7633,
                    1.689,
                    1.806,
                    3.1353,
                    4.3013,
                    5.0942,
                    6.1091,
                    8.0166,
                    11.6096,
                    16.7834
                ],
                "cf_cfo": [
                    0,
                    4847000,
                    40114000,
                    89792000,
                    145269000,
                    157507000,
                    247862000,
                    291823000,
                    284037000,
                    325063000,
                    276401000,
                    317712000,
                    21586000,
                    97831000,
                    16483000,
                    -749439000,
                    -1473984000,
                    -1785948000,
                    -2680479000,
                    -2887322000
                ],
                "cfi_ppe_net": [
                    0,
                    -12084000,
                    -24833000,
                    -62659000,
                    -110190000,
                    -133799000,
                    -184537000,
                    -23151000,
                    -43790000,
                    -34768000,
                    -20918000,
                    -49682000,
                    -40278000,
                    -54143000,
                    -69726000,
                    -91248000,
                    -107653000,
                    -173302000,
                    -173946000,
                    -253035000
                ],
                "cfo_growth": [
                    0.0,
                    0.0,
                    7.276,
                    1.2384,
                    0.6178,
                    0.0842,
                    0.5736,
                    0.1773,
                    -0.0266,
                    0.1444,
                    -0.1497,
                    0.1494,
                    -0.932,
                    3.5321,
                    -0.8315,
                    -46.4673,
                    -0.9667,
                    -0.2116,
                    -0.5008,
                    -0.0771
                ],
                "eps_diluted": [
                    -1.47,
                    -0.76,
                    -0.05,
                    0.0,
                    0.04,
                    0.09,
                    0.1,
                    0.13,
                    0.18,
                    0.28,
                    0.42,
                    0.59,
                    0.04,
                    0.26,
                    0.62,
                    0.28,
                    0.43,
                    1.25,
                    2.68,
                    4.13
                ],
                "eps_diluted_growth": [
                    0.0,
                    0.4796,
                    0.9308,
                    1.132,
                    5.7142,
                    0.9361,
                    0.1098,
                    0.3762,
                    0.3597,
                    0.4973,
                    0.4946,
                    0.4042,
                    -0.9309,
                    5.3414,
                    1.3846,
                    -0.5483,
                    0.5357,
                    1.9069,
                    1.144,
                    0.541
                ],
                "fcf": [
                    0,
                    -7237000,
                    15281000,
                    27133000,
                    35079000,
                    23708000,
                    63325000,
                    268672000,
                    240247000,
                    290295000,
                    255483000,
                    268030000,
                    -18692000,
                    43688000,
                    -53243000,
                    -840687000,
                    -1581637000,
                    -1959250000,
                    -2854425000,
                    -3140357000
                ],
                "fcf_growth": [
                    0.0,
                    0.0,
                    3.1115,
                    0.7756,
                    0.2928,
                    -0.3241,
                    1.671,
                    3.2427,
                    -0.1057,
                    0.2083,
                    -0.1199,
                    0.0491,
                    -1.0697,
                    3.3372,
                    -2.2187,
                    -14.7896,
                    -0.8813,
                    -0.2387,
                    -0.4568,
                    -0.1001
                ],
                "income_tax": [
                    0,
                    0,
                    0,
                    0,
                    -181000,
                    33692000,
                    -31236000,
                    -44549000,
                    -48474000,
                    -76332000,
                    -106843000,
                    -133396000,
                    -13328000,
                    -58671000,
                    -82570000,
                    -19244000,
                    -73829000,
                    73608000,
                    -15216000,
                    -195315000
                ],
                "lt_debt": [
                    0,
                    2799000,
                    0,
                    0,
                    0,
                    0,
                    0,
                    0,
                    0,
                    200000000,
                    200000000,
                    400000000,
                    400000000,
                    500000000,
                    885849000,
                    2371362000,
                    3364311000,
                    6499432000,
                    10360058000,
                    14759260000
                ],
                "market_cap": [
                    0,
                    0,
                    248250390,
                    1391748860,
                    649658240,
                    1483332300,
                    1772259030,
                    1726682000,
                    1759397990,
                    2944017470,
                    9273797400,
                    3839121000,
                    5147925300,
                    21947297400,
                    20638056800,
                    48947777200,
                    53240685200,
                    83194120280,
                    116860088340,
                    141984780990
                ],
                "operating_income": [
                    -58468000,
                    -37120000,
                    -10673000,
                    4472000,
                    19354000,
                    2989000,
                    64414000,
                    91161000,
                    121506000,
                    187379000,
                    283641000,
                    376068000,
                    49992000,
                    228347000,
                    402648000,
                    305826000,
                    379793000,
                    838679000,
                    1605226000,
                    2604254000
                ],
                "period_end_date": [
                    "2000-12",
                    "2001-12",
                    "2002-12",
                    "2003-12",
                    "2004-12",
                    "2005-12",
                    "2006-12",
                    "2007-12",
                    "2008-12",
                    "2009-12",
                    "2010-12",
                    "2011-12",
                    "2012-12",
                    "2013-12",
                    "2014-12",
                    "2015-12",
                    "2016-12",
                    "2017-12",
                    "2018-12",
                    "2019-12"
                ],
                "pretax_income": [
                    -58274000,
                    0,
                    0,
                    0,
                    21776000,
                    8335000,
                    80318000,
                    111501000,
                    131500000,
                    192192000,
                    267696000,
                    359522000,
                    30480000,
                    171074000,
                    349369000,
                    141885000,
                    260507000,
                    485321000,
                    1226458000,
                    2062231000
                ],
                "price_to_earnings": [
                    0.0,
                    0.0,
                    -11.8507,
                    213.7206,
                    30.0837,
                    35.2947,
                    36.1081,
                    25.7898,
                    21.1909,
                    25.4101,
                    57.6538,
                    16.9777,
                    300.1355,
                    195.2554,
                    77.3543,
                    399.1143,
                    285.2006,
                    148.8455,
                    96.4795,
                    76.0531
                ],
                "revenue": [
                    35894000,
                    75912000,
                    152806000,
                    272243000,
                    500611000,
                    682213000,
                    996660000,
                    1205340000,
                    1364661000,
                    1670269000,
                    2162625000,
                    3204577000,
                    3609282000,
                    4374562000,
                    5504656000,
                    6779511000,
                    8830669000,
                    11692713000,
                    15794341000,
                    20156447000
                ],
                "revenue_growth": [
                    0.0,
                    1.1148,
                    1.0129,
                    0.7816,
                    0.8388,
                    0.3627,
                    0.4609,
                    0.2093,
                    0.1321,
                    0.2239,
                    0.2947,
                    0.4817,
                    0.1262,
                    0.212,
                    0.2583,
                    0.2315,
                    0.3025,
                    0.3241,
                    0.3507,
                    0.2761
                ],
                "roic": [
                    0.0,
                    0.4215,
                    0.6113,
                    0.2389,
                    8.3636,
                    -20.4312,
                    3.534,
                    0.4424,
                    0.3108,
                    0.4238,
                    0.5387,
                    0.5446,
                    0.0246,
                    0.1079,
                    0.1866,
                    0.0555,
                    0.0507,
                    0.0944,
                    0.127,
                    0.1281
                ],
                "shares_diluted": [
                    39592000,
                    102256000,
                    394856000,
                    880376000,
                    452991000,
                    458626000,
                    483525000,
                    482314000,
                    439852000,
                    408912000,
                    380128000,
                    380583000,
                    412328000,
                    425327000,
                    431894000,
                    436456000,
                    438652000,
                    446814000,
                    451244000,
                    451765000
                ],
                "st_debt": [
                    0,
                    3012000,
                    1231000,
                    416000,
                    68000,
                    0,
                    0,
                    823000,
                    0,
                    0,
                    0,
                    0,
                    0,
                    0,
                    0,
                    0,
                    0,
                    0,
                    0,
                    0
                ],
                "total_assets": [
                    52488000,
                    41630000,
                    130530000,
                    176012000,
                    251793000,
                    364681000,
                    608779000,
                    683492000,
                    615424000,
                    679734000,
                    982067000,
                    3069196000,
                    3967890000,
                    5412563000,
                    7042500000,
                    10202871000,
                    13586610000,
                    19012742000,
                    25974400000,
                    33975712000
                ],
                "total_equity": [
                    -73267000,
                    -90504000,
                    89356000,
                    112708000,
                    156283000,
                    226252000,
                    414211000,
                    429812000,
                    347155000,
                    199143000,
                    290164000,
                    642810000,
                    744673000,
                    1333561000,
                    1857708000,
                    2223426000,
                    2679800000,
                    3581956000,
                    5238765000,
                    7582157000
                ],
                "total_equity_growth": [
                    0.0,
                    -0.2352,
                    1.9873,
                    0.2613,
                    0.3866,
                    0.4477,
                    0.8307,
                    0.0376,
                    -0.1923,
                    -0.4263,
                    0.457,
                    1.2153,
                    0.1584,
                    0.7908,
                    0.393,
                    0.1968,
                    0.2052,
                    0.3366,
                    0.4625,
                    0.4473
                ]
            }
        }
    }
}