{
    "data": {
        "financials": {
            "annual": {
                "book_value_per_share": [
                    0.8523,
                    1.489,
                    1.8471,
                    2.0298,
                    2.235,
                    2.7285,
                    3.4191,
                    4.3147,
                    4.3687,
                    4.8494,
                    5.4043,
                    6.726,
                    7.7248,
                    7.4897,
                    7.8472,
                    7.8541,
                    8.8782,
                    11.8212,
                    14.9472,
                    19.7475
                ],
                "cf_cfo": [
                    267909000,
                    160806000,
                    265032000,
                    49678000,
                    132200000,
                    446408000,
                    587111000,
                    1270196000,
                    249360000,
                    487807000,
                    675797000,
                    909156000,
                    824172000,
                    835000000,
                    906000000,
                    1175000000,
                    1672000000,
                    3502000000,
                    3743000000,
                    4761000000
                ],
                "cfi_ppe_net": [
                    -36329000,
                    -161075000,
                    -63123000,
                    -127604000,
                    -67261000,
                    -79600000,
                    -145256000,
                    -187745000,
                    -407670000,
                    -77601000,
                    -97890000,
                    -138735000,
                    -183309000,
                    -230000000,
                    -101000000,
                    -79000000,
                    -169000000,
                    -591000000,
                    -600000000,
                    -489000000
                ],
                "cfo_growth": [
                    15.8804,
                    -0.3997,
                    0.6481,
                    -0.8125,
                    1.6611,
                    2.3767,
                    0.3151,
                    1.1634,
                    -0.8036,
                    0.9562,
                    0.3853,
                    0.3453,
                    -0.0934,
                    0.0131,
                    0.085,
                    0.2969,
                    0.4229,
                    1.0944,
                    0.0688,
                    0.2719
                ],
                "eps_diluted": [
                    0.2,
                    0.34,
                    0.18,
                    0.14,
                    0.16,
                    0.54,
                    0.76,
                    1.31,
                    -0.05,
                    -0.12,
                    0.43,
                    0.94,
                    0.9,
                    0.74,
                    1.12,
                    1.08,
                    2.57,
                    4.82,
                    6.63,
                    4.52
                ],
                "eps_diluted_growth": [
                    1.3636,
                    0.6538,
                    -0.4767,
                    -0.2055,
                    0.1678,
                    2.2754,
                    0.4021,
                    0.7079,
                    -1.0381,
                    -1.4,
                    4.5833,
                    1.186,
                    -0.0425,
                    -0.1777,
                    0.5135,
                    -0.0357,
                    1.3796,
                    0.8754,
                    0.3755,
                    -0.3182
                ],
                "fcf": [
                    231580000,
                    -269000,
                    201909000,
                    -77926000,
                    64939000,
                    366808000,
                    441855000,
                    1082451000,
                    -158310000,
                    410206000,
                    577907000,
                    770421000,
                    640863000,
                    605000000,
                    805000000,
                    1096000000,
                    1503000000,
                    2911000000,
                    3143000000,
                    4272000000
                ],
                "fcf_growth": [
                    53.0822,
                    -1.0011,
                    751.591,
                    -1.3859,
                    1.8333,
                    4.6485,
                    0.2045,
                    1.4497,
                    -1.1462,
                    3.5911,
                    0.4088,
                    0.3331,
                    -0.1681,
                    -0.0559,
                    0.3305,
                    0.3614,
                    0.3713,
                    0.9367,
                    0.0796,
                    0.3592
                ],
                "income_tax": [
                    -46339000,
                    -75825000,
                    -59758000,
                    -12254000,
                    -18413000,
                    -55612000,
                    -46350000,
                    -103696000,
                    12913000,
                    14307000,
                    -18023000,
                    -82306000,
                    -99503000,
                    -70000000,
                    -124000000,
                    -129000000,
                    -239000000,
                    -149000000,
                    245000000,
                    -174000000
                ],
                "lt_debt": [
                    300000000,
                    300000000,
                    300000000,
                    0,
                    0,
                    0,
                    0,
                    0,
                    0,
                    0,
                    0,
                    0,
                    0,
                    1356375000,
                    1384000000,
                    0,
                    1983000000,
                    1985000000,
                    1988000000,
                    1991000000
                ],
                "market_cap": [
                    2356447940,
                    6551635350,
                    1083476860,
                    2431423540,
                    3827777520,
                    7707483250,
                    11056961160,
                    13699162770,
                    4312509300,
                    8640961740,
                    14078259520,
                    9042061070,
                    7561428560,
                    8917552900,
                    10467778730,
                    15758020000,
                    63870300000,
                    148954800000,
                    87112500000,
                    151785932130
                ],
                "operating_income": [
                    128135000,
                    251762000,
                    143986000,
                    93657000,
                    95176000,
                    336664000,
                    453452000,
                    836346000,
                    -43832000,
                    -98945000,
                    198747000,
                    648299000,
                    648239000,
                    496000000,
                    759000000,
                    878000000,
                    1937000000,
                    3210000000,
                    3804000000,
                    2846000000
                ],
                "period_end_date": [
                    "2001-01",
                    "2002-01",
                    "2003-01",
                    "2004-01",
                    "2005-01",
                    "2006-01",
                    "2007-01",
                    "2008-01",
                    "2009-01",
                    "2010-01",
                    "2011-01",
                    "2012-01",
                    "2013-01",
                    "2014-01",
                    "2015-01",
                    "2016-01",
                    "2017-01",
                    "2018-01",
                    "2019-01",
                    "2020-01"
                ],
                "pretax_income": [
                    144808000,
                    252749000,
                    150557000,
                    86673000,
                    107028000,
                    356788000,
                    494480000,
                    901341000,
                    -42954000,
                    -82294000,
                    271169000,
                    663396000,
                    662039000,
                    510000000,
                    755000000,
                    743000000,
                    1905000000,
                    3196000000,
                    3896000000,
                    2970000000
                ],
                "price_to_earnings": [
                    23.9308,
                    37.0307,
                    11.9326,
                    32.672,
                    43.1955,
                    25.5912,
                    24.6348,
                    17.1745,
                    -143.5541,
                    -127.0972,
                    55.6132,
                    15.5605,
                    13.4416,
                    20.2671,
                    16.5891,
                    25.6645,
                    38.3375,
                    48.8857,
                    21.0365,
                    54.2868
                ],
                "revenue": [
                    735264000,
                    1369471000,
                    1909447000,
                    1822945000,
                    2010033000,
                    2375687000,
                    3068771000,
                    4097860000,
                    3424859000,
                    3326445000,
                    3543309000,
                    3997930000,
                    4280159000,
                    4130000000,
                    4682000000,
                    5010000000,
                    6910000000,
                    9714000000,
                    11716000000,
                    10918000000
                ],
                "revenue_growth": [
                    0.9632,
                    0.8625,
                    0.3942,
                    -0.0453,
                    0.1026,
                    0.1819,
                    0.2917,
                    0.3353,
                    -0.1642,
                    -0.0287,
                    0.0651,
                    0.1283,
                    0.0705,
                    -0.035,
                    0.1336,
                    0.07,
                    0.3792,
                    0.4057,
                    0.206,
                    -0.0681
                ],
                "roic": [
                    1.9684,
                    0.4569,
                    0.1109,
                    0.0856,
                    0.0977,
                    0.3145,
                    0.3729,
                    0.4757,
                    -0.0154,
                    -0.032,
                    0.1058,
                    0.1924,
                    0.1477,
                    0.1,
                    0.1262,
                    0.1147,
                    0.2733,
                    0.4964,
                    0.517,
                    0.3881
                ],
                "shares_diluted": [
                    477643000,
                    512966000,
                    504927000,
                    517862000,
                    527172000,
                    548282000,
                    586963000,
                    606732000,
                    548126000,
                    549574000,
                    588684000,
                    616371000,
                    624957000,
                    595000000,
                    563000000,
                    569000000,
                    649000000,
                    632000000,
                    625000000,
                    618000000
                ],
                "st_debt": [
                    588000,
                    3896000,
                    5676000,
                    4015000,
                    856000,
                    0,
                    0,
                    0,
                    0,
                    0,
                    0,
                    0,
                    0,
                    0,
                    0,
                    1500000000,
                    827000000,
                    15000000,
                    0,
                    0
                ],
                "total_assets": [
                    1016902000,
                    1503174000,
                    1617015000,
                    1399344000,
                    1628536000,
                    1954687000,
                    2675263000,
                    3747671000,
                    3350727000,
                    3585918000,
                    4495246000,
                    5552928000,
                    6412245000,
                    7250894000,
                    7201000000,
                    7370000000,
                    9841000000,
                    11241000000,
                    13292000000,
                    17315000000
                ],
                "total_equity": [
                    407107000,
                    763819000,
                    932687000,
                    1051185000,
                    1178268000,
                    1495992000,
                    2006919000,
                    2617912000,
                    2394652000,
                    2665140000,
                    3181462000,
                    4145724000,
                    4827703000,
                    4456398000,
                    4418000000,
                    4469000000,
                    5762000000,
                    7471000000,
                    9342000000,
                    12204000000
                ],
                "total_equity_growth": [
                    2.2682,
                    0.8762,
                    0.221,
                    0.127,
                    0.1208,
                    0.2696,
                    0.3415,
                    0.3044,
                    -0.0852,
                    0.1129,
                    0.1937,
                    0.303,
                    0.1645,
                    -0.0769,
                    -0.0086,
                    0.0115,
                    0.2893,
                    0.2965,
                    0.2504,
                    0.3063
                ]
            }
        }
    }
}