{
    "data": {
        "financials": {
            "annual": {
                "book_value_per_share": [
                    2.5244,
                    2.8758,
                    3.1966,
                    8.9429,
                    8.942,
                    8.851,
                    9.8007,
                    9.3718,
                    8.5432,
                    12.8296,
                    10.9255,
                    10.4925,
                    10.8736,
                    11.1076,
                    11.1446,
                    10.3838,
                    9.7119,
                    11.8248,
                    10.664,
                    11.177
                ],
                "cf_cfo": [
                    6195000000,
                    9174000000,
                    10183000000,
                    11727000000,
                    16340000000,
                    14733000000,
                    17594000000,
                    13353000000,
                    18238000000,
                    16587000000,
                    11454000000,
                    20240000000,
                    16746000000,
                    17684000000,
                    17084000000,
                    14688000000,
                    16192000000,
                    16802000000,
                    15827000000,
                    12588000000
                ],
                "cfi_ppe_net": [
                    -1723000000,
                    -2097000000,
                    -1538000000,
                    2973000000,
                    -1325000000,
                    -1979000000,
                    -2200000000,
                    -1991000000,
                    -1701000000,
                    -1205000000,
                    -1513000000,
                    -1660000000,
                    -1327000000,
                    -1206000000,
                    -1199000000,
                    -1397000000,
                    -1823000000,
                    -1956000000,
                    -2042000000,
                    -2176000000
                ],
                "cfo_growth": [
                    0.1319,
                    0.4808,
                    0.1099,
                    0.1516,
                    0.3933,
                    -0.0983,
                    0.1941,
                    -0.241,
                    0.3658,
                    -0.0905,
                    -0.3094,
                    0.767,
                    -0.1726,
                    0.056,
                    -0.0339,
                    -0.1402,
                    0.1023,
                    0.0376,
                    -0.058,
                    -0.2046
                ],
                "eps_diluted": [
                    0.59,
                    1.22,
                    1.46,
                    0.54,
                    1.49,
                    1.09,
                    2.66,
                    1.17,
                    1.2,
                    1.23,
                    1.02,
                    1.27,
                    1.94,
                    3.19,
                    1.42,
                    1.11,
                    1.17,
                    3.52,
                    1.87,
                    2.87
                ],
                "eps_diluted_growth": [
                    -0.2435,
                    1.0677,
                    0.1967,
                    -0.6301,
                    1.7592,
                    -0.2684,
                    1.4403,
                    -0.5601,
                    0.0256,
                    0.025,
                    -0.1707,
                    0.245,
                    0.5275,
                    0.6443,
                    -0.5548,
                    -0.2183,
                    0.054,
                    2.0085,
                    -0.4687,
                    0.5347
                ],
                "fcf": [
                    4472000000,
                    7077000000,
                    8645000000,
                    14700000000,
                    15015000000,
                    12754000000,
                    15394000000,
                    11362000000,
                    16537000000,
                    15382000000,
                    9941000000,
                    18580000000,
                    15419000000,
                    16478000000,
                    15885000000,
                    13291000000,
                    14369000000,
                    14846000000,
                    13785000000,
                    10412000000
                ],
                "fcf_growth": [
                    0.4477,
                    0.5825,
                    0.2215,
                    0.7004,
                    0.0214,
                    -0.1505,
                    0.2069,
                    -0.2619,
                    0.4554,
                    -0.0698,
                    -0.3537,
                    0.869,
                    -0.1701,
                    0.0686,
                    -0.0359,
                    -0.1632,
                    0.0811,
                    0.0331,
                    -0.0714,
                    -0.2446
                ],
                "income_tax": [
                    -2049000000,
                    -2433000000,
                    -2599000000,
                    -1614000000,
                    -2460000000,
                    -3178000000,
                    -1992000000,
                    -1023000000,
                    -1645000000,
                    -2197000000,
                    -1153000000,
                    -3621000000,
                    -2221000000,
                    -4306000000,
                    -3120000000,
                    -1990000000,
                    -1123000000,
                    9049000000,
                    -706000000,
                    -1384000000
                ],
                "lt_debt": [
                    1123000000,
                    2609000000,
                    3140000000,
                    5755000000,
                    7279000000,
                    6347000000,
                    5546000000,
                    7314000000,
                    7963000000,
                    43193000000,
                    38410000000,
                    34926000000,
                    31036000000,
                    30462000000,
                    31541000000,
                    28740000000,
                    30399000000,
                    32666000000,
                    32909000000,
                    35955000000
                ],
                "market_cap": [
                    290444000000,
                    250138450000,
                    188372340000,
                    269532570000,
                    200948970000,
                    171658520000,
                    184511600000,
                    153677530000,
                    119458731700,
                    146793300000,
                    140290120000,
                    163923000000,
                    182482080000,
                    196001370000,
                    195964650000,
                    199329000000,
                    197153600000,
                    216559380000,
                    249547050000,
                    216822120000
                ],
                "operating_income": [
                    8570000000,
                    10614000000,
                    12221000000,
                    10365000000,
                    16428000000,
                    14205000000,
                    14282000000,
                    10336000000,
                    11597000000,
                    15719000000,
                    16557000000,
                    16808000000,
                    17074000000,
                    16366000000,
                    13499000000,
                    12976000000,
                    13710000000,
                    14073000000,
                    15045000000,
                    13921000000
                ],
                "period_end_date": [
                    "2000-12",
                    "2001-12",
                    "2002-12",
                    "2003-12",
                    "2004-12",
                    "2005-12",
                    "2006-12",
                    "2007-12",
                    "2008-12",
                    "2009-12",
                    "2010-12",
                    "2011-12",
                    "2012-12",
                    "2013-12",
                    "2014-12",
                    "2015-12",
                    "2016-12",
                    "2017-12",
                    "2018-12",
                    "2019-12"
                ],
                "pretax_income": [
                    5781000000,
                    9984000000,
                    11796000000,
                    3263000000,
                    13403000000,
                    10800000000,
                    13028000000,
                    9278000000,
                    9694000000,
                    10827000000,
                    9471000000,
                    11481000000,
                    11242000000,
                    15716000000,
                    12240000000,
                    8965000000,
                    8351000000,
                    12305000000,
                    11885000000,
                    17682000000
                ],
                "price_to_earnings": [
                    77.9506,
                    32.1184,
                    20.6412,
                    68.9341,
                    17.6876,
                    21.2317,
                    9.5418,
                    18.87,
                    14.7407,
                    16.9998,
                    16.9904,
                    16.3775,
                    12.5245,
                    8.9079,
                    21.452,
                    28.6392,
                    27.3255,
                    10.1632,
                    22.3748,
                    13.324
                ],
                "revenue": [
                    29355000000,
                    29024000000,
                    32294000000,
                    44736000000,
                    48988000000,
                    47405000000,
                    48371000000,
                    48418000000,
                    48296000000,
                    50009000000,
                    65165000000,
                    61035000000,
                    54657000000,
                    51584000000,
                    49605000000,
                    48851000000,
                    52824000000,
                    52546000000,
                    53647000000,
                    51750000000
                ],
                "revenue_growth": [
                    0.0722,
                    -0.0112,
                    0.1126,
                    0.3852,
                    0.095,
                    -0.0323,
                    0.0203,
                    0.0009,
                    -0.0025,
                    0.0354,
                    0.303,
                    -0.0633,
                    -0.1044,
                    -0.0562,
                    -0.0383,
                    -0.0152,
                    0.0813,
                    -0.0052,
                    0.0209,
                    -0.0353
                ],
                "roic": [
                    0.1908,
                    0.3348,
                    0.3258,
                    0.0721,
                    0.139,
                    0.0971,
                    0.243,
                    0.1067,
                    0.1094,
                    0.0819,
                    0.0614,
                    0.0801,
                    0.1276,
                    0.1993,
                    0.0843,
                    0.0676,
                    0.0724,
                    0.2011,
                    0.1023,
                    0.1484
                ],
                "shares_diluted": [
                    6368000000,
                    6361000000,
                    6241000000,
                    7286000000,
                    7614000000,
                    7411000000,
                    7274000000,
                    6939000000,
                    6750000000,
                    7045000000,
                    8074000000,
                    7870000000,
                    7508000000,
                    6895000000,
                    6424000000,
                    6257000000,
                    6159000000,
                    6058000000,
                    5977000000,
                    5675000000
                ],
                "st_debt": [
                    4289000000,
                    6263000000,
                    8669000000,
                    8818000000,
                    11266000000,
                    11589000000,
                    2434000000,
                    5825000000,
                    9320000000,
                    5469000000,
                    5623000000,
                    4016000000,
                    6424000000,
                    6027000000,
                    5141000000,
                    10159000000,
                    10663000000,
                    9940000000,
                    8836000000,
                    16190000000
                ],
                "total_assets": [
                    33510000000,
                    39153000000,
                    46356000000,
                    116775000000,
                    123078000000,
                    116970000000,
                    115546000000,
                    115268000000,
                    111148000000,
                    212949000000,
                    195014000000,
                    188002000000,
                    185798000000,
                    172101000000,
                    167566000000,
                    167381000000,
                    171615000000,
                    171797000000,
                    159422000000,
                    167489000000
                ],
                "total_equity": [
                    16076000000,
                    18293000000,
                    19950000000,
                    65377000000,
                    68278000000,
                    65764000000,
                    71432000000,
                    65124000000,
                    57740000000,
                    90446000000,
                    88265000000,
                    82621000000,
                    81678000000,
                    76620000000,
                    71622000000,
                    64998000000,
                    59840000000,
                    71656000000,
                    63758000000,
                    63447000000
                ],
                "total_equity_growth": [
                    0.1524,
                    0.1379,
                    0.0905,
                    2.277,
                    0.0443,
                    -0.0368,
                    0.0861,
                    -0.0883,
                    -0.1133,
                    0.5664,
                    -0.0241,
                    -0.0639,
                    -0.0114,
                    -0.0619,
                    -0.0652,
                    -0.0924,
                    -0.0793,
                    0.1974,
                    -0.1102,
                    -0.0048
                ]
            }
        }
    }
}