{
    "data": {
        "financials": {
            "annual": {
                "book_value_per_share": [
                    3.1868,
                    3.3589,
                    4.6862,
                    5.7695,
                    6.5637,
                    7.8351,
                    9.3532,
                    10.8096,
                    12.1434,
                    12.5802,
                    15.9503,
                    19.2676,
                    20.5741,
                    22.8506,
                    19.1665,
                    21.2069,
                    20.6348,
                    0.5516,
                    4.0237,
                    5.2889
                ],
                "cf_cfo": [
                    691491000,
                    963000000,
                    1735000000,
                    2468000000,
                    2686000000,
                    3253000000,
                    3811000000,
                    3558000000,
                    7172000000,
                    4076000000,
                    4900000000,
                    5998000000,
                    8778000000,
                    8887000000,
                    5506000000,
                    7632000000,
                    5001000000,
                    3908000000,
                    7286000000,
                    5814000000
                ],
                "cfi_ppe_net": [
                    -114191000,
                    -127000000,
                    -202000000,
                    -332000000,
                    -576000000,
                    -685000000,
                    -818000000,
                    -1397000000,
                    -761000000,
                    -1490000000,
                    -593000000,
                    -1284000000,
                    -1044000000,
                    -1148000000,
                    -728000000,
                    -523000000,
                    -662000000,
                    -784000000,
                    -887000000,
                    -1407000000
                ],
                "cfo_growth": [
                    -0.1485,
                    0.3926,
                    0.8016,
                    0.4224,
                    0.0883,
                    0.211,
                    0.1715,
                    -0.0663,
                    1.0157,
                    -0.4316,
                    0.2021,
                    0.224,
                    0.4634,
                    0.0124,
                    -0.3804,
                    0.3861,
                    -0.3447,
                    -0.2185,
                    0.8643,
                    -0.202
                ],
                "eps_diluted": [
                    -0.38,
                    0.22,
                    0.51,
                    1.03,
                    1.26,
                    1.44,
                    1.95,
                    1.9,
                    0.95,
                    1.96,
                    2.52,
                    3.51,
                    3.91,
                    4.65,
                    3.22,
                    3.81,
                    1.64,
                    -3.39,
                    3.59,
                    4.52
                ],
                "eps_diluted_growth": [
                    -1.8941,
                    1.5789,
                    1.3181,
                    1.0196,
                    0.2233,
                    0.1428,
                    0.3541,
                    -0.0256,
                    -0.5,
                    1.0631,
                    0.2857,
                    0.3928,
                    0.1139,
                    0.1892,
                    -0.3075,
                    0.1832,
                    -0.5695,
                    -3.067,
                    2.0589,
                    0.259
                ],
                "fcf": [
                    577300000,
                    836000000,
                    1533000000,
                    2136000000,
                    2110000000,
                    2568000000,
                    2993000000,
                    2161000000,
                    6411000000,
                    2586000000,
                    4307000000,
                    4714000000,
                    7734000000,
                    7739000000,
                    4778000000,
                    7109000000,
                    4339000000,
                    3124000000,
                    6399000000,
                    4407000000
                ],
                "fcf_growth": [
                    -0.3556,
                    0.4481,
                    0.8337,
                    0.3933,
                    -0.0121,
                    0.217,
                    0.1654,
                    -0.2779,
                    1.9666,
                    -0.5966,
                    0.6655,
                    0.0944,
                    0.6406,
                    0.0006,
                    -0.3826,
                    0.4878,
                    -0.3896,
                    -0.28,
                    1.0483,
                    -0.3112
                ],
                "income_tax": [
                    -104501000,
                    -97000000,
                    -536000000,
                    -588000000,
                    -666000000,
                    -686000000,
                    -323000000,
                    -666000000,
                    -611000000,
                    -973000000,
                    -1132000000,
                    -1279000000,
                    -1349000000,
                    -1244000000,
                    -1219000000,
                    -1131000000,
                    -543000000,
                    -5356000000,
                    -3095000000,
                    -521000000
                ],
                "lt_debt": [
                    0,
                    94000000,
                    123000000,
                    0,
                    0,
                    0,
                    0,
                    0,
                    0,
                    0,
                    0,
                    0,
                    0,
                    0,
                    9969000000,
                    10008000000,
                    19398000000,
                    15365000000,
                    13437000000,
                    15226000000
                ],
                "market_cap": [
                    36286806600,
                    21503551000,
                    33275436400,
                    63830400000,
                    73390000000,
                    60050200000,
                    69158067400,
                    71158320000,
                    75071620000,
                    72749560000,
                    81747030000,
                    106573820000,
                    113434200000,
                    124791130000,
                    81884520000,
                    101106000000,
                    76279500000,
                    87804570000,
                    87340600000,
                    133096080000
                ],
                "operating_income": [
                    6930000,
                    840000000,
                    1573000000,
                    2129000000,
                    2386000000,
                    2690000000,
                    2883000000,
                    3730000000,
                    2542000000,
                    3727000000,
                    5026000000,
                    5682000000,
                    7230000000,
                    7550000000,
                    5776000000,
                    6495000000,
                    2581000000,
                    621000000,
                    7667000000,
                    6255000000
                ],
                "period_end_date": [
                    "2001-09",
                    "2002-09",
                    "2003-09",
                    "2004-09",
                    "2005-09",
                    "2006-09",
                    "2007-09",
                    "2008-09",
                    "2009-09",
                    "2010-09",
                    "2011-09",
                    "2012-09",
                    "2013-09",
                    "2014-09",
                    "2015-09",
                    "2016-09",
                    "2017-09",
                    "2018-09",
                    "2019-09",
                    "2020-09"
                ],
                "pretax_income": [
                    -426305000,
                    622000000,
                    1565000000,
                    2313000000,
                    2809000000,
                    3156000000,
                    3626000000,
                    3826000000,
                    2403000000,
                    4493000000,
                    5687000000,
                    6562000000,
                    8194000000,
                    8778000000,
                    6487000000,
                    6833000000,
                    2987000000,
                    392000000,
                    7481000000,
                    5719000000
                ],
                "price_to_earnings": [
                    -66.1271,
                    59.732,
                    40.2363,
                    37.1106,
                    34.2463,
                    24.3118,
                    20.9379,
                    22.5184,
                    47.1555,
                    22.4051,
                    19.1894,
                    17.4453,
                    16.5524,
                    15.6635,
                    15.5349,
                    17.7223,
                    31.1981,
                    -17.6882,
                    19.9134,
                    25.6052
                ],
                "revenue": [
                    2679786000,
                    2915000000,
                    3847000000,
                    4880000000,
                    5673000000,
                    7526000000,
                    8871000000,
                    11142000000,
                    10387000000,
                    10982000000,
                    14957000000,
                    19121000000,
                    24866000000,
                    26487000000,
                    25281000000,
                    23554000000,
                    22258000000,
                    22611000000,
                    24273000000,
                    23531000000
                ],
                "revenue_growth": [
                    -0.1617,
                    0.0877,
                    0.3197,
                    0.2685,
                    0.1625,
                    0.3266,
                    0.1787,
                    0.256,
                    -0.0677,
                    0.0572,
                    0.3619,
                    0.2783,
                    0.3004,
                    0.0651,
                    -0.0455,
                    -0.0683,
                    -0.055,
                    0.0158,
                    0.0735,
                    -0.0305
                ],
                "roic": [
                    -0.1317,
                    0.0946,
                    0.1662,
                    0.2417,
                    0.2449,
                    0.2369,
                    0.2619,
                    0.2127,
                    0.0939,
                    0.1804,
                    0.2082,
                    0.2336,
                    0.2295,
                    0.2603,
                    0.1595,
                    0.1576,
                    0.0886,
                    -0.4314,
                    0.609,
                    0.4313
                ],
                "shares_diluted": [
                    1511938000,
                    1618658000,
                    1621569000,
                    1675000000,
                    1694000000,
                    1711000000,
                    1693000000,
                    1660000000,
                    1673000000,
                    1658000000,
                    1691000000,
                    1741000000,
                    1754000000,
                    1714000000,
                    1639000000,
                    1498000000,
                    1490000000,
                    1463000000,
                    1220000000,
                    1149000000
                ],
                "st_debt": [
                    0,
                    0,
                    103000000,
                    0,
                    0,
                    0,
                    0,
                    173000000,
                    0,
                    1086000000,
                    994000000,
                    0,
                    0,
                    0,
                    1000000000,
                    1749000000,
                    2495000000,
                    1005000000,
                    2496000000,
                    500000000
                ],
                "total_assets": [
                    5669733000,
                    6510000000,
                    8822000000,
                    10820000000,
                    12479000000,
                    15208000000,
                    18495000000,
                    24563000000,
                    27445000000,
                    30572000000,
                    36422000000,
                    43012000000,
                    45516000000,
                    48574000000,
                    50796000000,
                    52359000000,
                    65486000000,
                    32718000000,
                    32957000000,
                    35594000000
                ],
                "total_equity": [
                    4818302000,
                    5437000000,
                    7599000000,
                    9664000000,
                    11119000000,
                    13406000000,
                    15835000000,
                    17944000000,
                    20316000000,
                    20858000000,
                    26972000000,
                    33545000000,
                    36087000000,
                    39166000000,
                    31414000000,
                    31768000000,
                    30746000000,
                    807000000,
                    4909000000,
                    6077000000
                ],
                "total_equity_growth": [
                    -0.1338,
                    0.1284,
                    0.3976,
                    0.2717,
                    0.1505,
                    0.2056,
                    0.1811,
                    0.1331,
                    0.1321,
                    0.0266,
                    0.2931,
                    0.2436,
                    0.0757,
                    0.0853,
                    -0.1979,
                    0.0112,
                    -0.0321,
                    -0.9737,
                    5.083,
                    0.2379
                ]
            }
        }
    }
}