{
    "data": {
        "financials": {
            "annual": {
                "book_value_per_share": [
                    1.432,
                    1.4976,
                    2.8,
                    3.7248,
                    5.0617,
                    9.9465,
                    8.0698,
                    8.5241,
                    3.1844,
                    5.2996,
                    5.274,
                    7.9297,
                    9.178,
                    8.1613,
                    9.1178,
                    5.2748,
                    4.5618,
                    5.702,
                    7.5859,
                    6.7433
                ],
                "cf_cfo": [
                    0,
                    905000000,
                    882000000,
                    635000000,
                    1428000000,
                    1457000000,
                    943000000,
                    2538000000,
                    823000000,
                    1932000000,
                    1264000000,
                    3262000000,
                    3047000000,
                    2558000000,
                    2650000000,
                    1680000000,
                    1916000000,
                    2113000000,
                    1761000000,
                    1714000000
                ],
                "cfi_ppe_net": [
                    0,
                    -540000000,
                    -480000000,
                    -605000000,
                    -691000000,
                    -1008000000,
                    -851000000,
                    -901000000,
                    -626000000,
                    -618000000,
                    -766000000,
                    -616000000,
                    -757000000,
                    -556000000,
                    -747000000,
                    -587000000,
                    -434000000,
                    -295000000,
                    -458000000,
                    -584000000
                ],
                "cfo_growth": [
                    0.0,
                    0.0,
                    -0.0254,
                    -0.28,
                    1.2488,
                    0.0203,
                    -0.3527,
                    1.6914,
                    -0.6757,
                    1.3475,
                    -0.3457,
                    1.5806,
                    -0.0659,
                    -0.1604,
                    0.0359,
                    -0.366,
                    0.1404,
                    0.1028,
                    -0.1665,
                    -0.0266
                ],
                "eps_diluted": [
                    -1.29,
                    0.36,
                    1.36,
                    1.06,
                    1.41,
                    1.6,
                    1.56,
                    2.36,
                    -6.4,
                    3.14,
                    1.09,
                    6.49,
                    4.81,
                    4.52,
                    5.26,
                    0.82,
                    2.58,
                    4.05,
                    7.06,
                    3.79
                ],
                "eps_diluted_growth": [
                    -2.6176,
                    1.2771,
                    2.7777,
                    -0.2205,
                    0.3301,
                    0.1347,
                    -0.025,
                    0.5128,
                    -3.7118,
                    1.4906,
                    -0.6528,
                    4.9541,
                    -0.2588,
                    -0.0602,
                    0.1637,
                    -0.8441,
                    2.1463,
                    0.5697,
                    0.7432,
                    -0.4631
                ],
                "fcf": [
                    0,
                    365000000,
                    402000000,
                    30000000,
                    737000000,
                    449000000,
                    92000000,
                    1637000000,
                    197000000,
                    1314000000,
                    498000000,
                    2646000000,
                    2290000000,
                    2002000000,
                    1903000000,
                    1093000000,
                    1482000000,
                    1818000000,
                    1303000000,
                    1130000000
                ],
                "fcf_growth": [
                    0.0,
                    0.0,
                    0.1013,
                    -0.9253,
                    23.5666,
                    -0.3907,
                    -0.7951,
                    16.7934,
                    -0.8796,
                    5.67,
                    -0.621,
                    4.3132,
                    -0.1345,
                    -0.1257,
                    -0.0494,
                    -0.4256,
                    0.3559,
                    0.2267,
                    -0.2832,
                    -0.1327
                ],
                "income_tax": [
                    0,
                    -86000000,
                    -19000000,
                    101000000,
                    -25000000,
                    -84000000,
                    352000000,
                    -67000000,
                    -311000000,
                    40000000,
                    -68000000,
                    -20000000,
                    7000000,
                    14000000,
                    -228000000,
                    -26000000,
                    -43000000,
                    -236000000,
                    640000000,
                    -28000000
                ],
                "lt_debt": [
                    0,
                    749000000,
                    745000000,
                    739000000,
                    736000000,
                    640000000,
                    1733000000,
                    1670000000,
                    1926000000,
                    2173000000,
                    2952000000,
                    2863000000,
                    2774000000,
                    3920000000,
                    4155000000,
                    4091000000,
                    5021000000,
                    4320000000,
                    4253000000,
                    4156000000
                ],
                "market_cap": [
                    0,
                    0,
                    7746055500,
                    6631970280,
                    8367243300,
                    13039462720,
                    11807030670,
                    9280479510,
                    5156874140,
                    6131942640,
                    6861729920,
                    9793896090,
                    16113560710,
                    18553945980,
                    14983685000,
                    7273213920,
                    11307250000,
                    16216489900,
                    12679897760,
                    12427766790
                ],
                "operating_income": [
                    5966000000,
                    378000000,
                    700000000,
                    503000000,
                    722000000,
                    878000000,
                    643000000,
                    1464000000,
                    -135000000,
                    1863000000,
                    824000000,
                    3112000000,
                    2093000000,
                    1800000000,
                    1470000000,
                    620000000,
                    1232000000,
                    1723000000,
                    1465000000,
                    1382000000
                ],
                "period_end_date": [
                    "2001-06",
                    "2002-06",
                    "2003-06",
                    "2004-06",
                    "2005-06",
                    "2006-06",
                    "2007-06",
                    "2008-06",
                    "2009-06",
                    "2010-06",
                    "2011-06",
                    "2012-06",
                    "2013-06",
                    "2014-06",
                    "2015-06",
                    "2016-06",
                    "2017-06",
                    "2018-06",
                    "2019-06",
                    "2020-06"
                ],
                "pretax_income": [
                    0,
                    239000000,
                    660000000,
                    428000000,
                    732000000,
                    924000000,
                    561000000,
                    1329000000,
                    -2814000000,
                    1569000000,
                    579000000,
                    2882000000,
                    1831000000,
                    1556000000,
                    1970000000,
                    274000000,
                    815000000,
                    1418000000,
                    1372000000,
                    1032000000
                ],
                "price_to_earnings": [
                    0.0,
                    0.0,
                    12.0843,
                    12.5368,
                    11.8348,
                    15.5231,
                    12.9321,
                    7.3537,
                    -1.6501,
                    3.811,
                    13.428,
                    3.422,
                    8.7668,
                    11.8177,
                    8.6014,
                    29.3274,
                    14.6466,
                    13.7195,
                    6.3021,
                    12.3782
                ],
                "revenue": [
                    5966000000,
                    6087000000,
                    6486000000,
                    6224000000,
                    7553000000,
                    9206000000,
                    11360000000,
                    12708000000,
                    9805000000,
                    11395000000,
                    10971000000,
                    14939000000,
                    14351000000,
                    13724000000,
                    13739000000,
                    11160000000,
                    10771000000,
                    11184000000,
                    10390000000,
                    10509000000
                ],
                "revenue_growth": [
                    -0.0176,
                    0.0202,
                    0.0655,
                    -0.0403,
                    0.2135,
                    0.2188,
                    0.2339,
                    0.1186,
                    -0.2284,
                    0.1621,
                    -0.0372,
                    0.3616,
                    -0.0393,
                    -0.0436,
                    0.001,
                    -0.1877,
                    -0.0348,
                    0.0383,
                    -0.0709,
                    0.0114
                ],
                "roic": [
                    -0.2904,
                    0.2135,
                    0.6116,
                    0.3029,
                    0.3001,
                    0.2151,
                    0.1647,
                    0.2206,
                    -0.7396,
                    0.556,
                    0.1632,
                    0.7199,
                    0.3978,
                    0.3607,
                    0.3953,
                    0.0536,
                    0.1837,
                    0.2788,
                    0.4558,
                    0.2366
                ],
                "shares_diluted": [
                    456000000,
                    428000000,
                    470000000,
                    498000000,
                    502000000,
                    524000000,
                    587000000,
                    538000000,
                    488000000,
                    514000000,
                    467000000,
                    441000000,
                    382000000,
                    347000000,
                    331000000,
                    302000000,
                    299000000,
                    292000000,
                    285000000,
                    265000000
                ],
                "st_debt": [
                    0,
                    2000000,
                    4000000,
                    4000000,
                    4000000,
                    330000000,
                    330000000,
                    360000000,
                    771000000,
                    329000000,
                    560000000,
                    0,
                    3000000,
                    0,
                    0,
                    0,
                    0,
                    499000000,
                    0,
                    19000000
                ],
                "total_assets": [
                    2966000000,
                    3095000000,
                    3517000000,
                    3942000000,
                    5244000000,
                    9544000000,
                    9472000000,
                    10120000000,
                    7087000000,
                    8247000000,
                    9225000000,
                    10106000000,
                    9243000000,
                    9492000000,
                    9845000000,
                    8213000000,
                    9268000000,
                    9410000000,
                    8885000000,
                    8930000000
                ],
                "total_equity": [
                    653000000,
                    641000000,
                    1316000000,
                    1855000000,
                    2541000000,
                    5212000000,
                    4737000000,
                    4586000000,
                    1554000000,
                    2724000000,
                    2463000000,
                    3497000000,
                    3506000000,
                    2832000000,
                    3018000000,
                    1593000000,
                    1364000000,
                    1665000000,
                    2162000000,
                    1787000000
                ],
                "total_equity_growth": [
                    -0.778,
                    -0.0183,
                    1.053,
                    0.4095,
                    0.3698,
                    1.0511,
                    -0.0911,
                    -0.0318,
                    -0.6611,
                    0.7528,
                    -0.0958,
                    0.4198,
                    0.0025,
                    -0.1922,
                    0.0656,
                    -0.4721,
                    -0.1437,
                    0.2206,
                    0.2984,
                    -0.1734
                ]
            }
        }
    }
}